2414 3848
434 224 579 286 TIBULLI
596 223 665 285 LIB.
679 225 700 285 1.
718 234 743 287 8.
762 235 787 289 9.

142 399 185 459 ut
207 403 258 457 tua
276 397 336 455 iam
356 395 434 454 fletu
454 394 568 456 lumina
590 395 673 454 fessa
693 399 822 453 tument.

101 481 259 558 Oderunt,
281 477 416 555 Pholoe,
437 498 565 556 moneo,
587 477 711 538 fastidia
734 476 811 553 divi,

143 566 208 626 Nee
229 562 358 643 prodest
381 564 494 622 sanctis
514 569 584 622 tura
607 561 730 622 dedisse
751 562 841 623 focis.
1069 568 1105 626 70

100 650 161 710 Hie
184 649 343 709 Marathus
366 646 519 726 quondam
540 648 669 707 miseros
689 646 818 707 ludebat
841 652 990 719 amantes,

144 733 272 793 Nescius
294 729 426 799 ultorem
445 736 516 811 post
534 738 626 812 eaput
647 749 716 790 esse
739 730 845 791 deum:

102 817 202 896 Saepe
225 817 317 875 etiam
335 812 472 875 lacrimis
493 816 596 875 fertur
617 817 725 875 risisse
748 814 884 875 dolentia

143 902 185 961 Et
207 898 350 980 cupidum
370 899 442 958 fieta
462 897 631 960 detinuisse
653 918 753 958 mora:

100 985 189 1046 Nune
212 985 308 1044 omnis
331 981 397 1041 od1t
419 983 532 1061 fastus,
553 1003 634 1042 nuuc
656 982 803 1063 displicet
824 981 873 1042 illi

144 1069 351 1147 Quaecunque
373 1067 514 1147 opposita
538 1074 586 1126 est
607 1068 697 1126 ianua
719 1066 796 1126 dura
817 1085 894 1128 sera.

103 1152 145 1211 At
163 1159 195 1212 te
217 1170 317 1232 poena
336 1157 455 1228 manet,
478 1151 510 1210 ni
532 1150 647 1211 desinis
670 1168 739 1210 osse
761 1152 902 1230 superba.
1004 1161 1007 1167 '

146 1237 240 1312 Quam
259 1236 364 1314 cupies
387 1235 466 1294 votis
487 1235 569 1294 hunc
591 1254 738 1295 revocare
759 1234 855 1294 diem!

504 1364 561 1372 —.
568 1364 705 1371 -κ

574 1452 636 1515 ΙΧ.

101 1534 189 1639 iiuirl
208 1568 299 1646 mihi,
322 1569 348 1626 si
369 1568 473 1626 fueras
495 1570 625 1627 miseros
642 1567 783 1629 laesurus
806 1586 942 1645 amores,

142 1650 285 1712 Foedera
303 1669 361 1732 per
382 1650 484 1729 divos,
508 1651 585 1711 elam
607 1652 764 1729 violanda,
787 1650 903 1711 dabas?

98 1738 149 1797 Ah
171 1737 279 1813 miser,
302 1737 362 1795 etsi
382 1737 450 1815 quis
471 1737 571 1815 primo
593 1737 729 1816 periuria
752 1733 849 1812 celat,

142 1819 236 1898 Sera,
256 1825 358 1879 tamen
378 1820 480 1879 tacitis
500 1820 604 1889 Poena
625 1822 709 1880 venit
729 1819 870 1900 pedibus.

98 1904 241 1980 Parcite,
264 1902 434 1963 caelestes:
456 1922 587 1982 aequum
609 1911 657 1965 est
678 1907 803 1984 impune
825 1902 923 1964 licere

142 1988 273 2048 Numina
294 1987 438 2047 formosis
455 1986 586 2049 laedere
608 1995 711 2049 restra
732 1987 838 2049 semel.

97 2072 200 2132 Lucra
218 2077 329 2151 petens
350 2070 447 2131 habili
470 2077 574 2132 tauros
597 2073 736 2152 adiungit
756 2076 858 2131 aratro

141 2156 184 2215 Et
203 2154 312 2214 durum
332 2162 436 2214 terrae
458 2157 591 2217 rusticus
613 2165 704 2235 urget
725 2176 817 2236 opus,

97 2240 200 2299 Lucra
221 2240 372 2319 petituras
393 2240 476 2298 freta
496 2258 554 2318 per
576 2241 716 2319 parentia
738 2240 838 2300 ventis

142 2323 265 2383 Ducunt
285 2322 571 2397 instabilessidera
592 2332 677 2383 certa
700 2330 798 2383 rates:

97 2407 283 2469 Muneribus
306 2425 391 2467 meus
414 2415 462 2468 est
485 2414 590 2487 eaptus
612 2426 699 2488 puer.
720 2414 751 2466 at
773 2406 848 2479 deus
868 2403 924 2463 illa

143 2492 177 2552 ln
197 2493 334 2552 cinerem
356 2498 389 2551 et
411 2490 544 2572 liquidas
564 2510 691 2551 munera
712 2496 814 2550 vertat
835 2507 936 2567 aquas.

97 2577 160 2635 Iam
181 2576 256 2634 mihi
276 2575 434 2656 persolvet
455 2592 587 2657 poenas,
609 2574 771 2657 pulvisque
792 2574 936 2634 decorem

140 2660 294 2720 Detrahet
314 2667 347 2721 et
367 2661 467 2720 ventis
485 2659 614 2720 horrida
633 2661 714 2721 saeta
737 2679 839 2734 coma,

67 2820 70 2825 .
97 2744 216 2804 Uretur
237 2744 349 2821 facies,
370 2752 501 2805 urentur
523 2743 588 2805 soie
610 2743 731 2826 capilli,

140 2828 275 2887 Deteret
296 2828 447 2889 invalidos
470 2836 502 2888 et
523 2831 570 2888 via
590 2828 681 2908 longa
703 2827 809 2908 pedes.

86 2910 253 2971 -Admonui
276 2915 417 2989 quotiens
441 2919 532 2972 ‘auro
549 2932 590 2972 ue
610 2911 716 2994 pollue
738 2913 883 2971 formam:

141 2994 242 3075 Saepe
263 2994 366 3054 soient
388 3016 461 3056 auro
485 2995 580 3056 multa
602 2999 734 3058 subesse,
750 2993 837 3054 mala.

97 3078 221 3140 Divitiis
243 3085 349 3159 eaptus
367 3082 462 3158 siquis
484 3077 610 3140 violavit
632 3098 784 3157 amorem,

141 3165 323 3243 Asperaque
345 3171 394 3224 est
415 3161 464 3222 illi
486 3160 684 3243 difficilisque
703 3164 819 3225 Venus.

96 3246 164 3309 Ure
185 3266 285 3306 meum
307 3249 409 3327 potius
427 3248 548 3307 flamma
570 3254 660 3329 caput
684 3253 716 3307 et
733 3252 808 3328 pete
828 3245 914 3304 ferro

141 3330 262 3410 Corpus
286 3338 318 3390 et
338 3332 455 3390 intorto
479 3332 610 3391 verbere
631 3337 719 3410 terga
741 3350 819 3392 seca.

99 3410 164 3476 Nec
185 3415 243 3475 tibi
266 3412 388 3474 celandi
410 3432 481 3494 spes
503 3415 544 3474 sit
562 3433 694 3494 peecare
714 3413 852 3496 paranti:

142 3497 200 3560 Est
222 3496 314 3577 deus,
337 3495 476 3558 occultos
498 3498 551 3577 qui
570 3505 654 3559 vetat
674 3517 743 3560 esse
765 3494 866 3559 dolos.
876 3577 924 3634 v
