2414 3848
104 183 143 245 38
319 182 463 243 TlBULLI
487 182 689 263 (Lvonnm)
711 184 780 245 LIB.
797 183 847 245 111.
862 196 889 251 3.

145 351 274 427 Insignis
296 348 379 409 clara
400 351 643 429 conspicuusque
666 349 775 429 domo,

102 435 165 494 Aut
185 438 219 492 ut
240 431 336 493 multa
357 436 418 492 mei
439 440 626 493 renovarent
645 436 752 512 iugera
772 437 853 494 tauri

143 519 184 576 nt
205 535 327 594 magnas
349 536 465 576 messes
486 524 572 577 terra
592 519 725 596 benigna
748 517 852 597 daret,

103 601 165 660 Sed
183 606 286 659 tecum
307 606 342 659 ut
362 599 474 677 longao
496 601 645 660 sociarem
666 600 774 680 gaudia
795 604 876 662 vitac

143 684 239 762 inque
261 688 313 742 tuo
337 683 464 743 caderet
485 691 591 744 nostra
612 692 739 745 senecta
759 688 828 745 sinu

102 768 190 827 Tunc
213 786 280 826 cum
300 785 465 846 permenso
488 767 651 828 defunctus
673 777 813 849 tompore
830 771 908 831 lucis

141 849 247 910 Nudus
268 850 404 910 Lethaea
426 870 556 929 cogcrcr
577 853 625 911 ire
648 854 738 912 rate?
1075 866 1107 917 10

99 935 175 994 Nam
198 954 288 1012 grave
311 933 385 1011 quid
406 934 536 1014 prodest
553 935 674 1015 pondus
691 938 766 996 mihi
789 935 892 996 divitis
914 939 998 1015 auri,

141 1019 284 1096 Arvaque
304 1019 330 1076 si
348 1017 467 1077 findant
485 1021 610 1098 pinguia
630 1018 716 1079 millo
738 1021 854 1079 boves?

101 1099 218 1178 Quidve
241 1101 346 1162 domus
368 1101 497 1181 prodest
518 1103 660 1181 Phrygiis
681 1105 783 1162 innixa
804 1104 970 1182 columnis,

143 1186 285 1245 Taenare
307 1187 370 1244 sivc
391 1187 470 1262 tuis,
491 1187 555 1245 sive
577 1189 707 1264 Caryste
726 1189 804 1262 tuis,

99 1272 140 1330 nt
159 1288 285 1329 nemora
306 1271 338 1327 in
361 1267 500 1328 domibus
520 1290 622 1328 sacros
641 1272 792 1330 imitantia
812 1269 900 1330 lucos
1071 1284 1103 1334 15

141 1354 338 1431 Auratacque
358 1354 463 1411 trabes
486 1372 750 1432 marmoreumque
773 1352 895 1413 solum?

99 1436 217 1513 Quidve
240 1438 272 1494 in
294 1436 469 1514 Erythraeo
490 1435 605 1513 legitur
628 1457 705 1515 quae
725 1436 820 1498 litore
842 1441 959 1499 concha

142 1520 315 1597 Tinctaque
335 1518 462 1577 Sidonio
482 1522 598 1579 murice
620 1519 690 1579 lana
708 1523 807 1598 iuvat,

98 1605 139 1664 Et
156 1623 234 1681 quae
254 1610 418 1683 praeterea
437 1603 568 1682 populus
590 1606 741 1663 miratur?
762 1606 794 1663 in
816 1604 880 1664 illis

140 1685 257 1746 Invidia
280 1693 343 1746 cst:
366 1684 444 1746 falso
466 1686 599 1765 plurima
620 1685 726 1765 vulgus
748 1692 837 1747 amat.
1068 1700 1103 1751 20

99 1771 166 1830 Non
191 1771 300 1849 opibus
321 1777 440 1829 mentes
459 1771 614 1829 hominum
638 1790 793 1851 curaeque
812 1772 972 1832 levantur:

139 1855 214 1913 Nam
236 1853 375 1913 Fortuna
396 1872 449 1912 sna
468 1860 608 1932 tempora
629 1854 701 1932 lege
722 1857 813 1932 regit.

98 1939 145 1996 Sit
168 1938 243 1995 mihi
263 1943 428 2016 paupertas
450 1943 550 1996 tecum
572 1938 720 2015 iucunda,
743 1940 878 1998 Neaera:

139 2022 181 2079 At
202 2021 320 2080 sinete
341 2038 447 2097 regum
469 2040 595 2079 munera
617 2021 701 2080 nulla
721 2020 801 2081 rolo.

98 2104 123 2163 0
146 2105 280 2181 niveam,
304 2123 381 2181 quac
401 2110 434 2162 te
456 2105 574 2182 poterit
596 2106 670 2164 mihi
694 2104 844 2183 reddero,
864 2104 979 2164 lucem!
1068 2114 1102 2168 25

140 2188 165 2247 0
189 2190 264 2248 mihi
285 2185 410 2247 felicem
433 2194 542 2264 torque
563 2194 733 2266 quaterque
754 2189 849 2247 diem!

99 2273 140 2331 At
160 2273 204 2348 si,
226 2291 283 2351 pro
307 2270 389 2331 dulci
410 2270 514 2329 reditu
537 2289 736 2349 quaecunque
759 2278 924 2349 voventur,

140 2354 255 2414 Audiat
276 2373 380 2413 aversa
401 2373 463 2412 non
485 2372 569 2413 meus
591 2374 664 2414 aure
687 2353 778 2431 deus,

96 2439 161 2498 Nec
183 2458 232 2499 me
254 2456 349 2516 regna
370 2439 475 2496 iuvant
495 2456 553 2496 nec
574 2437 690 2516 Lydius
711 2438 827 2496 aurifer
849 2439 946 2496 amnis

140 2522 205 2581 Nec
228 2541 302 2600 quas
323 2529 477 2580 terrarum
500 2523 631 2580 sustinet
653 2522 737 2581 orbis
759 2540 843 2600 opos.
1066 2531 1102 2584 30

97 2605 182 2664 llaec
204 2605 256 2665 alii
278 2607 418 2685 cupiant,
440 2603 533 2663 liccat
548 2606 627 2663 mihi
648 2623 784 2683 paupere
807 2604 891 2664 cultu

139 2688 254 2749 Securo
278 2708 348 2748 cara
366 2689 495 2765 coniuge
514 2707 606 2767 posse
626 2688 698 2749 frui.
990 2684 998 2694 ’

96 2771 188 2832 Adsis
212 2779 243 2832 et
265 2771 381 2832 timidis
402 2772 521 2850 faveas,
545 2771 702 2849 Saturnia,
725 2773 820 2848 votis,

137 2856 179 2915 nt
199 2857 302 2916 faveas
324 2856 456 2932 concha,
479 2856 608 2934 Cypria,
630 2861 718 2914 vecta
740 2860 799 2916 tua.

96 2940 158 2998 Aut
181 2942 207 2998 si
227 2940 290 2999 fata
310 2944 424 3017 negant
445 2938 579 2998 reditum
602 2940 771 3017 tristesque
794 2958 934 3018 sorores,
1063 2952 1100 3004 35

138 3023 274 3083 Stamina
294 3041 370 3102 quae
393 3021 508 3081 ducunt
530 3041 668 3099 quaeque
689 3022 793 3081 futura
813 3029 925 3100 neunt,

95 3106 150 3166 Me
169 3114 259 3166 vocot
281 3109 312 3165 in
334 3113 435 3166 vastos
456 3124 559 3165 amnes
581 3106 761 3183 nigramque
782 3105 926 3187 paludem

137 3190 228 3249 Dives
250 3192 283 3249 in
303 3192 409 3268 ignava
431 3188 551 3247 luridus
574 3188 671 3248 Orcus
694 3209 779 3266 aqua.
