2354 3862
131 410 399 517 ALBII
467 408 865 511 TIBl'LLI

304 628 438 691 LIBER
461 626 680 705 QUARTUS.

481 963 506 1025 l.

65 1082 245 1165 ‚Messon
267 1102 386 1161 cruam,
409 1100 577 1161 quanquam
600 1098 648 1138 rne
671 1080 793 1156 cognita
812 1079 908 1139 virtus

60 1176 141 1247 rret,
162 1174 196 1227 ut
214 1168 350 1228 infirmae
371 1176 523 1244 nequeant
544 1166 714 1224 subsistere
734 1164 832 1233 uires,

59 1256 152 1335 ipism
172 1260 281 1312 tomen.
303 1271 320 1311 ι
340 1252 456 1311 meritis
478 1252 504 1309 si
526 1250 660 1309 carmina
679 1246 806 1324 laudes,

59 1340 177 1399 licisnt:
195 1334 316 1395 humilis
336 1336 429 1395 tantis
451 1336 507 1395 sim
529 1332 672 1393 conditor
690 1334 784 1403 netis,

59 1430 146 1483 otuu
165 1427 287 1501 prseter
309 1428 341 1479 te
362 1420 476 1479 chartis
499 1420 638 1477 intexere
663 1418 822 1495 qnisquam
987 1428 1003 1476 5

58 1513 103 1566 cte
123 1510 230 1584 quest,
252 1504 341 1563 dietis
363 1512 477 1563 utnon
499 1504 614 1563 maiora
638 1502 804 1580 supersint.

58 1596 70 1649 t
88 1590 176 1649 nohis
193 1587 325 1647 voluisse
346 1590 435 1665 sotis,
457 1606 515 1647 nec
537 1604 664 1647 munera
685 1603 778 1664 porra

60 1674 186 1755 spueris.
207 1674 296 1732 etium
316 1672 442 1732 Phoebo
465 1673 636 1750 gratissima
658 1668 738 1728 done

58 1777 90 1818 es
109 1756 197 1834 tulit,
221 1762 253 1816 et
274 1758 389 1816 cunctis
409 1756 528 1818 Boccho
549 1753 713 1815 iucundior
734 1754 848 1835 hospes

58 1860 130 1920 nus,
152 1847 186 1900 ut
207 1860 283 1921 puro
304 1846 456 1901 testantur
478 1840 581 1901 sidera
603 1838 690 1900 caelo
977 1848 1010 1899 10

58 1928 209 2005 igoneque
232 1926 402 2004 Canisque,
421 1932 516 2005 neget
534 1944 575 1985 ne
596 1923 720 2002 longior
743 1930 836 1983 uetus.

58 2012 96 2071 du
112 2011 203 2068 etism
223 2008 348 2069 Alcides
370 2009 445 2070 deus
468 2028 650 2069 ascensurus
673 2006 837 2087 Olympum

60 2101 109 2155 ets
126 2091 316 2153 Molorcheis
333 2097 435 2174 posuit
454 2094 584 2171 vestigia
606 2092 715 2169 tectis,

60 2196 171 2257 rchuc
194 2176 335 2239 coelestis
357 2177 490 2259 placavit
509 2179 606 2256 mico,
629 2194 687 2235 nec
707 2174 771 2234 illis

60 2281 145 2343 mper
164 2263 300 2323 inaurato
321 2270 427 2323 taurus
449 2263 533 2323 cadit
552 2263 655 2323 hostin
677 2278 783 2321 cornu.
985 2270 1015 2319 Ιῠ

60 2368 76 2407 o
98 2366 216 2425 quoque
235 2349 275 2407 sit
296 2356 399 2426 gratus
417 2368 526 2429 parvus
548 2344 655 2423 labor,
676 2352 711 2404 ut
733 2342 790 2403 tihi
812 2342 926 2423 possins

58 2431 93 2492 de
113 2429 188 2491 elios
211 2431 345 2512 aliosque
366 2452 483 2492 memor
505 2448 692 2511 componere
714 2446 830 2489 uersus.

60 2514 149 2575 Alter
171 2514 251 2576 dicct
271 2536 346 2597 opus
369 2519 469 2595 magni
491 2513 634 2577 mirabile
656 2512 779 2592 mundi,

57 2598 127 2659 ralis
148 2600 181 2659 in
201 2601 339 2661 inmenso
363 2601 524 2662 desederit
545 2620 618 2661 sere
641 2596 753 2675 tellus,

57 2682 124 2744 ralis
146 2690 178 2742 et
196 2685 228 2742 in
249 2706 372 2748 curvum
394 2692 508 2767 pontus
530 2686 716 2747 conduxerit
735 2684 859 2759 orbern,
987 2692 1023 2745 'th

57 2786 189 2847 ;vogus‚
210 2786 228 2827 e
247 2771 341 2830 terris
364 2791 422 2850 qun
443 2790 571 2851 surgere
592 2770 720 2847 nititur,
743 2786 814 2843 uer,

57 2853 101 2913 uic
123 2858 156 2912 et
177 2861 336 2915 contextus
358 2857 472 2935 possim
492 2857 568 2915 flunt
588 2857 698 2933 igneus
721 2854 847 2929 rethor,

57 2935 235 3017 sudentique
258 2957 351 3019 super
373 2938 554 3001 clandsntur
574 2946 610 2999 ut
631 2940 732 2999 omnis
753 2936 857 2999 coeles:

57 3028 79 3098 t,
101 3020 303 3103 quodeunque
326 3041 413 3084 mese
433 3028 583 3103 poterunt
606 3022 722 3083 sudore
744 3022 915 3096 (iumento,

57 3122 85 3165 ru
103 3106 160 3165 tihi
180 3126 235 3187 par
256 3113 405 3188 poterunt
423 3126 495 3184 seu,
515 3104 598 3185 quod
619 3124 690 3187 spen
713 3104 836 3181 obnuit,
857 3097 938 3163 ultrt
992 3105 1027 3165 dh
1078 3123 1091 3148 ··

57 3208 94 3249 ,re
115 3191 213 3250 minus
237 3190 402 3270 (certeque
424 3196 537 3251 canent
555 3190 688 3268 minus),
710 3206 801 3249 ιιιιιιιο
822 3197 965 3247 conemur

57 3292 92 3333 oc
112 3274 185 3351 tibi,
206 3292 266 3334 nec
286 3281 372 3335 tanto
393 3281 497 3335 carent
517 3274 592 3333 mihi
616 3273 752 3334 currnlno
774 3270 889 3333 «thuris.
965 3311 968 3318 -

57 3376 119 3435 sm,
141 3376 311 3436 quanquam
334 3360 477 3439 antiquae
500 3358 602 3438 gentis
624 3360 774 3437 suprestnt
793 3344 900 3416 ttbth

57 3458 94 3500 on
115 3448 167 3502 tua
185 3442 334 3501 maiorum
356 3449 502 3505 contentu
524 3449 574 3502 cst
594 3438 694 3521 glorie
715 3436 827 3529 intutu
841 3501 845 3510 ,
