2414 3848
247 194 392 255 TlBULLl
414 194 616 272 (LYGDAlll)
642 196 709 255 LIB.
727 198 777 258 lll.
794 212 819 261 ⁸2.
837 210 863 262 3.
1060 200 1099 260 37

573 366 653 463 11”
701 358 715 379 ”

95 482 298 592 dormimus
320 534 420 573 earam
440 514 543 572 iuveni
565 532 730 591 carumque
752 513 876 593 puellae

137 598 261 676 Eripuit
281 598 440 675 iuvenem,
461 598 584 658 ferreus
606 594 662 656 ille
685 598 753 655 fuit.

95 685 197 743 Durus
219 687 252 740 et
271 679 328 741 1111
350 682 424 758 fuit,
447 682 499 759 qui
520 687 638 741 tantum
660 682 746 741 ferre
770 681 928 760 dolorem,

138 766 253 827 Vivere
276 771 309 824 11
330 773 439 845 erepta
460 767 590 842 coniuge
615 767 666 843 qui
689 766 798 844 potuit.

96 850 163 911 Non
185 868 241 926 ego
260 850 366 909 firmus
388 851 419 907 in
442 850 517 926 1111,
539 869 600 908 non
622 851 698 908 baec
720 850 869 928 patientia
890 857 996 911 nostro
1083 866 1099 917 5

140 934 281 1010 Ingenio:
303 934 419 1010 frangit
437 934 531 993 fortia
552 933 646 991 eorda
668 932 773 992 dolor:

96 1016 161 1076 Nec
183 1017 259 1075 mibi
281 1037 354 1076 vera
374 1016 461 1095 loqui
484 1016 583 1096 pudor
607 1024 655 1076 est
677 1018 819 1094 vitaeque
842 1017 935 1077 fateri

140 1100 203 1160 Tot
223 1098 302 1159 mala
322 1119 488 1180 perpessae
508 1099 609 1159 taedia
631 1107 701 1159 nata
723 1118 818 1160 meae.

97 1184 180 1262 Ergo
204 1204 272 1243 eum
294 1191 418 1243 tenuem
440 1185 529 1243 fuero
550 1191 682 1242 mutatus
704 1186 736 1243 in
760 1186 897 1243 umbram

143 1266 342 1345 Candidaque
363 1288 432 1327 ossa
454 1287 547 1347 super
570 1268 658 1345 nigra
679 1266 783 1326 favilla
804 1275 906 1346 teget,
1047 1283 1101 1339 ,11

97 1352 179 1412 Ante
202 1369 302 1417 meum
323 1354 426 1411 veniat
447 1351 556 1429 longos
577 1353 731 1431 incompta
753 1350 883 1430 capillos

139 1436 181 1493 nt
200 1436 275 1495 fleat
295 1444 367 1496 ante
390 1455 489 1511 meum
512 1442 627 1495 maesta
649 1436 768 1494 Neaera
790 1454 907 1513 rogum.

99 1518 163 1578 Sed
183 1520 286 1578 veniat
309 1538 397 1579 carae
419 1521 525 1579 matris
544 1520 687 1578 comitata
707 1517 833 1578 dolore:

141 1602 282 1661 Maereat
302 1605 380 1662 baec
402 1622 534 1681 genero,
557 1610 693 1662 maereat
714 1600 768 1660 illa
789 1604 863 1661 viro.

99 1686 260 1744 Praefatae
284 1693 355 1746 ante
376 1706 461 1747 meos
482 1688 592 1746 Manes
615 1688 805 1764 animamque
827 1693 970 1764 precatae
1068 1698 1100 1749 lb

140 1769 351 1847 Perfusaeque
374 1773 439 1850 pias
463 1777 533 1829 ante
554 1769 677 1847 liquore
697 1788 819 1845 manus,

98 1853 175 1911 Pars
195 1872 272 1931 quae
294 1853 359 1913 sola
380 1856 440 1913 mei
459 1855 617 1932 superabit
640 1854 796 1932 eorporis,
821 1872 889 1911 ossa

142 1936 295 1996 incinctae
317 1939 404 2014 nigra
428 1937 556 1998 eandida
578 1944 663 1996 veste
686 1934 807 2014 legent,

99 2020 140 2077 nt
160 2021 291 2098 primum
310 2041 425 2080 annoso
448 2030 593 2100 spargent
615 2019 747 2079 collecta
765 2019 885 2096 Lyaeo,

142 2103 217 2162 Mox
240 2105 333 2163 etiam
354 2106 443 2164 niveo
465 2104 598 2162 fundere
618 2101 700 2161 lacte
719 2109 847 2181 parent,
1066 2113 1101 2166 20

100 2187 177 2245 Post
197 2188 274 2246 baec
297 2189 451 2247 carbaseis
473 2188 632 2245 humorem
653 2183 766 2244 tollere
787 2184 863 2244 velis

142 2269 244 2347 Atque
266 2271 298 2328 in
318 2289 488 2331 marmorea
509 2288 627 2348 ponere
649 2270 730 2328 sicca
751 2267 851 2329 domo.

99 2350 169 2411 lllie
191 2373 264 2430 quas
285 2357 382 2414 mittit
404 2353 489 2413 dives
507 2354 661 2413 Panchaia
683 2369 803 2411 merces

141 2436 262 2514 Eoique
285 2439 422 2517 Arabes,
441 2439 562 2517 pinguis
585 2443 617 2495 et
638 2436 779 2513 Assyria,

99 2520 141 2578 Et
162 2522 261 2580 nostri
282 2540 435 2581 memores
456 2520 601 2579 lacrimae
623 2516 791 2577 fundantur
815 2516 939 2576 eodem:
1067 2531 1100 2583 25

143 2602 195 2662 Sic
214 2623 270 2682 ego
294 2607 435 2685 componi
456 2623 562 2664 versus
583 2604 616 2661 in
637 2621 706 2661 ossa
725 2599 827 2660 velim.

101 2684 165 2745 Sed
185 2688 306 2746 tristem
327 2691 436 2748 mortis
458 2687 650 2747 demonstret
672 2683 778 2744 littera
801 2704 920 2744 causam

142 2770 245 2848 Atque
268 2773 396 2831 11111111
420 2770 537 2831 celebri
560 2771 694 2829 carmina
715 2769 820 2828 fronte
842 2774 939 2828 notet.

102 2851 294 2931 ‘Lygdamus
316 2855 367 2913 hic
388 2857 464 2914 situs
487 2861 550 2913 est:
574 2852 664 2913 dolor
685 2853 757 2911 huic
780 2859 812 2910 11
834 2872 907 2912 cura
928 2850 1084 2928 Neaerae,

145 2937 291 3016 Coniugis
313 2946 457 3019 ereptae,
480 2958 567 2998 11111
586 2939 692 3016 perire
713 2936 793 2994 fuit.⁹
1066 2942 1101 2995 30

500 3063 703 3075 ..-.--——-—

564 3149 628 3213 III.

45 3294 48 3299 ·
103 3235 189 3339 Quid
209 3267 338 3347 prodest
359 3268 474 3327 caelum
498 3268 576 3326 votis
598 3264 760 3344 implesse,
781 3265 916 3341 Neaera,

144 3350 307 3429 Multaque
329 3372 396 3411 eum
418 3350 530 3411 blanda
550 3356 619 3408 tura
642 3348 765 3408 dedisse
786 3367 895 3426 prece,

101 3436 171 3496 Non
192 3441 226 3493 ut
241 3437 405 3495 marmorei
426 3435 584 3514 prodirem
607 3450 624 3490 e
646 3432 750 3490 limine
773 3433 864 3506 tecti,
