2414 3848
455 170 600 232 'llBULLI
621 172 688 232 LlB.
708 172 728 232 l.
745 181 771 234 i.

109 348 159 408 'l'u
181 353 282 407 tamen
305 343 459 404 abstineas
481 337 565 402 aliis:
588 359 658 400 nam
681 347 786 400 cetera
808 346 917 400 cernet

151 431 274 491 Omnia:
294 427 333 487 de
353 445 402 487 me
423 444 484 484 uno
506 425 623 484 sentiet
644 426 711 504 ipse
734 422 821 484 nihil.

109 513 191 592 Quid
214 511 361 574 credam?
380 527 493 589 nempe
512 508 590 568 baec
612 507 720 569 eadem
742 527 775 567 se
797 506 873 568 dixit
895 526 1014 568 amores
1129 568 1132 574 ,

152 598 300 658 Cantibus
320 600 372 655 aut
390 593 497 654 herbis
519 590 642 653 solvere
663 610 755 671 posse
776 610 879 668 meos,
1077 602 1112 655 60

107 683 148 743 Et
169 700 218 741 me
238 678 382 739 lustravit
403 675 519 754 taedis,
542 683 575 736 et
596 682 689 736 nocte
712 694 822 736 serena

150 763 295 825 Concidit
317 761 355 821 ad
376 763 509 840 magicos
530 761 632 820 hostia
653 758 739 840 pulla
761 758 844 820 deos.

107 850 176 909 Non
199 867 256 926 ego
278 853 361 906 totus
384 847 507 905 abesset
529 863 628 921 amor,
651 842 707 903 sed
728 850 849 903 mutuus
870 851 967 924 esset,

152 932 301 1006 Orabam,
323 947 382 988 nee
404 933 436 987 te
457 946 549 1006 posse
569 945 678 988 carere
699 925 800 987 velim.

107 1018 245 1076 Ferreus
266 1011 323 1074 ille
343 1013 418 1089 luit,
438 1012 505 1091 qui,
527 1017 560 1072 te
581 1030 650 1071 cum
670 1017 777 1092 posset
797 1012 923 1088 habere,
1077 1022 1111 1074 65

152 1096 303 1160 Maluerit
324 1094 455 1177 praedas
478 1093 590 1156 stultus
612 1101 644 1155 et
666 1115 749 1155 arma
768 1096 865 1174 sequi.

111 1182 168 1243 llle
187 1182 263 1243 licet
285 1179 416 1241 Cilicum
436 1180 533 1240 victas
556 1186 625 1258 agat
646 1187 718 1238 ante
741 1185 895 1254 catervas,

152 1267 251 1325 Ponat
272 1266 359 1325 etin
382 1271 472 1345 capto
493 1264 610 1324 Martia
633 1271 734 1324 castra
755 1262 837 1340 solo,

111 1352 209 1411 'lotus
231 1356 264 1410 et
285 1355 412 1428 argento
434 1354 612 1426 contextus,
632 1352 716 1408 totus
739 1354 882 1426 stauro,

150 1433 286 1494 insideat
307 1431 406 1493 celeri
427 1431 663 1512 conspiciendus
686 1451 783 1510 equo,
1078 1441 1112 1495 70

110 1521 178 1599 lpse
200 1519 295 1577 boves
317 1536 384 1577 mea
405 1517 432 1575 si
451 1523 554 1576 tecum
573 1514 663 1576 modo
688 1514 775 1575 Delia
797 1516 911 1594 possim

71 1650 79 1663 .
151 1602 282 1680 iungere
306 1600 390 1660 etin
411 1599 503 1660 solito
524 1618 654 1680 pascere
675 1607 780 1660 monte
802 1616 913 1679 pecus:

112 1689 150 1745 lit
173 1693 204 1744 te
225 1685 296 1745 dum
317 1683 412 1744 liceat
434 1687 552 1744 teneris
573 1686 713 1745 retinere
733 1683 877 1761 lacertis,

153 1767 260 1829 Mollis
284 1775 316 1828 et
333 1766 451 1828 inculta
471 1769 512 1829 sit
530 1769 606 1829 mihi
627 1788 749 1830 somnus
770 1768 872 1828 humo.

112 1853 192 1929 Quid
214 1851 311 1931 Tyrio
334 1854 485 1913 recubare
507 1859 576 1913 toro
597 1854 664 1913 sine
685 1869 788 1912 amore
806 1849 940 1911 seeundo
1080 1862 1112 1915 75

152 1935 303 2012 Prodest,
327 1955 394 1997 eum
416 1937 493 1997 fletu
513 1955 574 1997 nox
594 1935 748 2016 vigilanda
769 1935 875 1995 veuit?

110 2021 185 2080 Nam
206 2038 308 2097 neque
327 2026 391 2080 tum
411 2017 533 2100 plumae
553 2038 613 2080 nec
634 2019 770 2100 stragula
790 2019 873 2099 pieta
891 2038 1033 2099 soporem

152 2103 217 2162 Nec
239 2105 358 2164 sonitus
379 2101 519 2183 placidae
541 2102 656 2164 ducere
677 2109 785 2185 posset
808 2120 913 2181 aquae.

112 2186 190 2245 Num
210 2186 345 2248 Veneris
366 2205 493 2264 maguae
514 2186 624 2248 violari
645 2189 770 2248 numina
790 2187 903 2264 verbo,

152 2271 194 2329 Et
216 2287 284 2329 mea
303 2288 385 2329 nunc
406 2288 521 2348 poenas
542 2271 635 2352 impia
652 2270 756 2351 lingua
776 2267 858 2329 luit‘i
1079 2281 1113 2334 80

111 2352 190 2412 Num
212 2353 299 2413 ieror
319 2353 457 2413 incestus
478 2352 568 2413 sedes
590 2353 702 2415 adiisse
722 2354 850 2413 deorum

155 2437 307 2517 Sertaque
330 2435 369 2496 de
389 2438 503 2497 sanctis
523 2436 688 2518 diripuisse
708 2437 810 2498 iocis?

112 2521 179 2581 Non
201 2539 274 2600 ego,
297 2521 323 2580 si
345 2521 460 2599 merui,
481 2519 618 2581 dubitem
635 2523 840 2602 procumbere
862 2523 987 2605 templis

152 2606 194 2667 Et
215 2604 290 2665 dare
309 2607 439 2666 sacratis
462 2604 566 2666 oscula
585 2605 757 2685 liminibus,

112 2690 178 2750 Non
201 2708 257 2769 ego
278 2688 425 2751 tellurem
447 2691 575 2769 genibus
593 2709 766 2774 perrepere
788 2691 916 2773 supplex
1079 2702 1112 2752 85

152 2775 194 2835 ut
214 2775 361 2835 miserum
382 2780 487 2835 sancto
510 2774 644 2837 tundere
665 2783 756 2857 poste
779 2783 879 2857 caput.

114 2859 152 2917 at
174 2865 223 2936 tu,
247 2861 299 2938 qui
317 2858 419 2919 laetus
441 2857 526 2919 rides
548 2858 628 2921 mala
649 2867 773 2937 nostra,
797 2866 903 2921 caveto

130 2942 229 3002 -Mox
249 2945 322 3003 tibi:
343 2963 405 3002 non
425 2962 501 3004 uuus
523 2946 639 3005 saeviet
660 2962 757 3025 usque
772 2943 864 3004 deus.

113 3025 185 3084 Vidi
207 3045 282 3105 ego,
305 3029 357 3106 qui
377 3028 520 3089 iuvenum
541 3031 671 3091 miseros
692 3027 821 3091 lusisset
841 3046 975 3104 amores,

153 3110 228 3169 Post
249 3110 383 3173 Veneris
405 3111 515 3174 vinclis
538 3113 671 3175 subdere
694 3112 774 3176 colla
796 3133 901 3174 senem
1079 3119 1113 3173 90

111 3193 152 3252 ut
174 3195 233 3253 sibi
254 3192 421 3256 blanditias
442 3196 573 3258 tremula
596 3216 782 3278 componere
803 3216 877 3259 voce

154 3276 195 3336 Et
214 3280 352 3338 manibus
376 3299 465 3340 cauas
486 3281 605 3360 fingere
623 3280 707 3343 velle
729 3301 842 3342 comas:

114 3358 204 3420 Stare
226 3379 285 3422 nec
306 3371 377 3423 aute
398 3363 484 3424 fores
505 3364 616 3445 puduit
637 3385 764 3427 caraeve
785 3362 906 3446 puellae

156 3443 310 3506 Ancillam
333 3446 436 3508 medio
459 3446 633 3512 detinuisse
652 3450 742 3512 loro:
