2414 3848
98 179 138 241 26
390 178 534 238 TIBULLI
556 178 624 239 LIB.
641 179 677 240 ll.
696 192 719 243 l.
735 191 761 242 2.
776 190 802 244 3.

97 349 160 407 Aut
182 349 274 407 etiam
297 349 355 408 sibi
379 349 508 427 quisque
526 345 642 428 palam:
664 367 735 409 nam
756 350 847 418 turba
869 349 973 409 iocosa
1072 358 1108 414 85

141 431 303 512 Obstrepit
325 437 358 492 et
378 432 514 512 Phrygio
537 432 613 493 tibia
637 452 727 493 curva
749 451 835 493 sono.

96 515 225 576 Ludite:
245 518 304 576 iam
322 515 389 577 Nox
410 516 510 595 iungit
528 534 640 595 equos,
663 535 848 595 currumque
869 523 1043 595 sequuntur

139 600 251 659 Matris
272 599 387 661 lascivo
410 600 513 660 sidera
534 599 619 661 fulva
640 601 753 678 choro,

98 683 235 762 Postque
254 687 340 745 venit
360 686 471 746 taeitos
493 685 590 744 furvis
614 684 819 746 circumdatus
842 684 899 745 alis

140 767 270 828 Somnus
293 776 325 829 et
347 771 468 829 incerto
486 768 610 829 Somnia
631 771 720 848 nigra
740 769 832 849 pede.
1073 777 1108 832 90

576 958 793 1067 flauo

96 1068 245 1162 Dicamus
267 1104 347 1162 bona
368 1104 477 1163 verba:
499 1103 584 1163 venit
605 1102 722 1164 Natalia
744 1103 783 1163 ad
805 1123 887 1164 aras:

141 1186 287 1264 Quisquis
309 1185 398 1265 ades,
419 1185 543 1265 lingua,
565 1189 613 1246 vir
635 1187 824 1266 mulierque,
844 1188 921 1249 lave.

97 1272 234 1332 Urantur
255 1270 306 1350 pia
328 1277 397 1331 tura
415 1270 514 1349 focis,
536 1277 664 1331 urantur
688 1272 816 1348 odores,

141 1355 224 1430 Quos
246 1361 338 1414 tener
359 1373 376 1413 e
399 1359 484 1414 terra
507 1355 601 1414 divite
622 1356 718 1415 mittit
739 1357 849 1416 Arabs.

97 1439 167 1518 lpse
190 1457 261 1498 suos
284 1439 401 1499 Genius
423 1437 503 1499 adsit
524 1439 642 1499 visurus
662 1439 815 1519 honores,

141 1523 198 1582 cni
221 1520 372 1582 decorent
393 1528 514 1582 sanctas
534 1521 640 1583 mollia
663 1531 747 1583 serta
770 1544 880 1585 comas.

98 1604 184 1686 Illius
206 1626 283 1686 puro
306 1605 469 1666 destillent
489 1614 629 1687 tempora
650 1606 763 1684 nardo,

140 1691 242 1767 Atque
266 1697 351 1750 satur
371 1689 436 1751 libo
459 1692 499 1751 sit
519 1690 702 1769 madeatque
724 1709 825 1769 mero,

97 1776 221 1834 Annuat
239 1780 288 1852 et,
310 1775 464 1853 Cornuto,
485 1777 557 1854 tibi,
580 1773 784 1855 quodcunque
806 1776 938 1853 rogabis.

141 1859 190 1917 En
212 1876 286 1936 age,
309 1857 383 1937 quid
404 1859 527 1923 cessas?
549 1860 656 1918 annuit
677 1857 748 1918 ille:
770 1878 854 1937 roga.
1072 1866 1106 1919 lo

101 1943 261 2019 Auguror,
283 1944 387 2002 uxoris
407 1942 486 2002 fidos
507 1944 627 2021 optabis
650 1962 786 2004 amores:

139 2025 200 2085 lam
223 2044 297 2085 reor
317 2027 377 2086 hoe
397 2027 482 2105 ipsos
502 2024 668 2086 edidicisse
690 2026 775 2098 deos'.

98 2108 162 2170 Nec
183 2110 241 2170 tibi
263 2109 425 2188 malueris,
448 2115 546 2170 totum
570 2129 770 2190 quaecunque
793 2129 851 2190 per
870 2112 978 2170 orbem

141 2194 246 2253 Fortis
268 2200 334 2253 arat
355 2192 456 2254 valido
480 2196 613 2254 rusticus
637 2216 707 2255 arva
727 2197 822 2272 bove,

98 2277 163 2337 Nec
184 2278 258 2356 tibi,
281 2296 467 2357 gemmarum
490 2280 636 2358 quicquid
657 2277 802 2339 felicibus
822 2277 906 2338 Indis
1072 2283 1106 2338 15

140 2359 300 2440 Nascitur,
321 2363 380 2431 Eoi
404 2382 461 2441 qua
483 2364 574 2443 maris
594 2362 675 2431 unda
695 2364 796 2431 rubet.
844 2391 846 2394 ·

100 2445 181 2506 Vota
198 2445 324 2507 cadunt.
348 2447 464 2506 utinam
487 2448 721 2525 strepitantibus
743 2444 867 2506 advolet
888 2443 945 2505 alis

140 2527 297 2610 Flavaque
319 2530 460 2608 coniugio
481 2530 603 2590 vincula
623 2537 729 2611 portet
749 2532 861 2606 Amor,

98 2612 246 2692 Vincula,
271 2633 347 2693 quae
368 2620 512 2674 maneant
533 2633 672 2693 semper,
693 2613 765 2675 dnm
786 2614 875 2675 tarda
897 2618 1041 2675 senectus

140 2697 267 2759 lnducat
288 2717 379 2776 rugas
399 2699 578 2776 inficiatque
601 2718 711 2757 comas.
758 2757 760 2762 ,
1072 2704 1107 2758 20

101 2781 161 2841 llio
181 2784 284 2844 veniat
304 2780 422 2853 Natalis
448 2781 510 2840 avis
531 2780 714 2861 prolemque
736 2784 907 2861 ministret,

140 2865 240 2926 Ludat
263 2874 295 2926 et
316 2872 387 2926 ante
409 2871 478 2925 tuos
499 2867 590 2925 turba
612 2865 736 2926 novella
756 2865 862 2946 pedes.

510 3147 514 3154 ,
567 3082 631 3146 ΙΙΙ.

100 3165 190 3256 llora
212 3217 326 3277 meam,
350 3198 506 3277 cornute,
530 3205 639 3260 tenent
660 3199 813 3279 villaeque
835 3197 985 3280 puellam:

141 3283 276 3343 Ferreus
298 3290 362 3361 est,
383 3284 444 3343 heu
466 3282 543 3361 heu,
568 3285 705 3363 quisquis
723 3286 755 3343 in
776 3284 852 3344 urbe
875 3289 988 3343 manet.

101 3369 166 3448 ipsa
189 3367 294 3429 Venus
315 3367 394 3426 latos
416 3369 476 3427 iam
498 3388 579 3427 nune
601 3369 744 3446 migravit
763 3369 795 3427 in
818 3386 925 3446 agros,

140 3451 307 3531 Verbaque
330 3453 459 3512 aratoris
480 3454 596 3512 rustica
619 3452 710 3513 discit
732 3453 835 3513 Amor.
930 3472 933 3478 ·
