2414 3848
424 198 569 260 uiuuttl
590 198 656 260 ΗΒ.
673 200 696 260 1.
713 211 754 263 10.
775 200 810 261 11.
829 214 852 264 l.
1096 203 1137 266 23

108 426 131 447 .„
179 372 314 434 Uxorem
334 367 473 451 plaustro
494 370 736 449 progeniemque
759 368 890 429 domum.

83 448 124 525 'T‘
135 454 200 517 Sed
221 453 355 516 Veneris
372 459 445 512 tunc
467 451 551 512 bella
570 450 689 530 colent,
711 454 884 532 scissosque
907 453 1035 534 capillos

177 539 305 600 Femina
324 536 496 618 perfructus
518 538 780 615 conqueriturque
801 537 901 597 iores:

134 623 208 685 Flet
226 630 349 682 teneras
371 615 495 680 subtusa
517 638 626 699 genas,
648 619 704 680 sed
725 622 825 681 victor
847 623 966 701 etipse
1105 632 1139 685 5⁵

178 705 251 767 Flet
273 705 332 765 sibi
351 703 510 764 dementes
532 710 593 764 tum
612 704 743 764 suluisse
766 724 880 767 manus.

135 792 177 852 At
196 788 327 850 lascivus
350 786 444 848 Amor
465 789 550 848 riuse
571 787 650 848 mulo
670 791 764 849 verbu
784 790 955 866 ministrat,

177 874 263 934 luter
284 877 317 932 et
337 874 448 932 irutum
468 870 571 932 lentus
593 880 755 951 utrumque
776 872 873 934 sedet.

137 959 188 1019 Ah
207 956 287 1038 lupis
309 963 358 1016 est
377 957 573 1034 ferrumque,
595 976 678 1016 suum
701 958 873 1036 quicunque
895 956 1028 1036 puellam

179 1040 349 1103 Verberat:
372 1059 389 1100 e
412 1039 497 1100 coelo
521 1039 637 1121 derIpit
654 1039 711 1100 ille
729 1040 787 1100 deo

139 1124 189 1184 Sit
208 1125 282 1184 satis
303 1143 320 1184 e
342 1126 488 1184 membris
509 1130 634 1184 tenuem
654 1060 858 1205 perscincffere
880 1130 1012 1201 vestem,

182 1207 230 1267 Sit
249 1208 321 1268 setis
341 1216 466 1268 ornatus
486 1206 665 1268 dissoluisse
687 1227 807 1287 comue,

138 1291 188 1351 Sit
207 1289 346 1352 lacrimas
365 1293 496 1352 movisse
518 1293 607 1351 sutis:
631 1299 740 1370 quator
761 1291 818 1352 ille
841 1294 948 1352 beatus

180 1375 246 1451 Quo
267 1381 377 1436 tenero
396 1378 476 1436 iruto
498 1376 577 1435 flere
597 1374 700 1454 puella
720 1383 833 1456 potest.

136 1458 200 1519 Sed
221 1461 359 1520 monibus
383 1462 434 1539 qui
457 1478 563 1520 suevus
583 1461 659 1535 erit,
681 1465 861 1538 scutumque
884 1458 1053 1537 sudemque
1105 1466 1140 1520 65

177 1542 206 1602 Is
228 1549 317 1622 geret
338 1548 370 1602 et
392 1543 460 1603 miti
481 1545 522 1602 sit
543 1541 651 1623 procul
673 1543 846 1604 evenere.

135 1626 179 1686 At
198 1627 304 1705 uobis,
325 1626 388 1687 Psx
408 1627 504 1704 olma,
527 1628 597 1686 veni
619 1627 794 1706 spicamque
814 1632 937 1705 teneto,

177 1710 316 1771 Perfluat
337 1717 370 1771 et
390 1712 489 1790 pomis
511 1709 658 1769 condidus
678 1716 748 1769 onte
766 1711 858 1769 sinus.

1104 1048 1140 1103 60

500 2005 617 2013 -————--
647 2006 776 2012 ---—--—-

264 2328 538 2430 Annii
607 2250 1007 2429 nunnoni

432 2529 568 2592 LIBER
591 2527 840 2592 SECUNDUS.

135 2843 285 2955 Quisquis
309 2877 412 2956 adest,
433 2877 547 2938 voleat:
567 2880 674 2957 fruges
695 2878 860 2941 lustramus
882 2889 913 2942 et
934 2900 1039 2959 agros,

176 2960 265 3020 Ritus
284 2968 317 3021 ut
339 2983 355 3021 s
376 2964 478 3043 prisco
500 2961 633 3023 traditus
656 2969 739 3023 extat
761 2984 823 3023 uuo.

135 3042 271 3122 Bocche,
294 3047 380 3122 veni,
404 3045 562 3124 dulcisque
584 3049 645 3106 tuis
668 3066 685 3106 e
708 3049 853 3108 cornibus
876 3067 932 3107 uva

176 3126 332 3208 Pendeat,
356 3135 387 3189 et
410 3130 502 3208 spicis
522 3136 663 3209 temporo
685 3133 791 3209 cinge,
814 3131 920 3192 Ceres.

135 3210 218 3272 Luce
237 3232 324 3273 sacro
346 3215 522 3291 requieseat
544 3214 669 3291 humus,
691 3217 867 3292 requiescat
889 3222 1006 3291 erutor,
1123 3219 1143 3273 5

176 3295 218 3355 Et
239 3315 331 3375 grave
353 3316 501 3377 suspenso
523 3316 647 3357 vomere
669 3306 771 3358 cesset
793 3318 877 3377 opus.

136 3376 256 3439 Solvite
278 3380 379 3441 vincla
400 3383 494 3460 iugis:
517 3400 598 3440 nunc
621 3379 659 3440 ad
680 3383 843 3462 praesepio
865 3382 981 3442 debent

175 3461 273 3524 Pleno
293 3471 438 3525 coronato
462 3471 545 3524 stare
567 3467 661 3524 boves
682 3465 792 3542 cupite.
