2414 3848
472 185 616 248 TlBULLl
638 185 707 246 ΗΒ.
725 186 747 251 l.
763 197 790 250 4.
1111 187 1133 249 9

123 358 182 418 iiic
203 355 323 438 placet,
353 355 490 434 angustis
513 352 596 434 qnod
619 372 731 433 equum
754 357 924 436 compescit
945 357 1090 418 habenis:

103 462 106 467 ·
164 441 227 501 Hic
248 437 400 521 placidam
421 439 513 499 nnec
534 445 665 517 pectore
685 436 778 519 pellit
799 459 922 519 aquam:

124 524 200 603 Hic,
224 524 296 604 quia
312 523 404 584 fortis
422 520 512 582 adest
533 519 676 602 audacia,
700 525 799 603 cepit:
821 522 921 583 atilli

165 608 333 687 Virgineus
355 612 482 668 teneras
504 612 565 665 stat
585 605 687 686 pudor
708 614 781 667 ante
803 625 905 686 genas.

125 688 187 751 Sed
208 709 249 751 ne
270 696 303 751 te
325 690 465 772 capiant,
486 691 586 771 primo
608 691 634 750 si
655 691 739 752 forte
761 692 902 770 negabit,
1100 703 1136 754 lb

165 773 300 835 Taedia:
322 772 470 855 paulatim
492 775 548 835 sub
570 775 639 852 iuga
662 773 743 834 colla
765 773 860 836 dabit.
910 853 912 858 Ι

126 859 231 937 Longa
255 856 322 919 dies
342 858 460 919 bomini
483 857 589 918 docuit
607 877 719 938 parere
737 857 864 937 leones,

164 943 273 1022 Longa
296 940 363 1003 dics
379 940 467 1003 molli
489 962 559 1002 saxa
579 941 705 1023 peredit
726 962 818 1021 aqua:

126 1026 231 1086 Annus
250 1026 285 1086 in
306 1027 419 1106 apricis
438 1031 571 1086 maturat
593 1025 726 1086 collibus
745 1045 835 1103 uvas,

103 1152 106 1157 -
144 1112 274 1171 (Annus
295 1111 358 1188 agit
380 1116 465 1171 certa
485 1108 589 1171 lucida
611 1113 697 1191 signa
718 1112 794 1170 vice.
820 1142 824 1149 ·

126 1192 188 1254 Nec
209 1195 314 1254 iurare
335 1196 425 1255 time:
446 1194 582 1257 Veneris
602 1196 740 1274 periuria
762 1196 846 1254 venti

168 1278 259 1338 Irrita
279 1297 337 1358 per
359 1285 460 1339 terras
482 1285 516 1338 et
536 1278 618 1338 freta
640 1298 755 1339 summa
776 1279 892 1337 ferunt.

127 1361 233 1423 Gratia
254 1381 363 1442 magna
384 1363 460 1422 iuvi:
482 1362 581 1422 vetuit
601 1369 691 1441 pater
712 1364 780 1442 ipse
802 1359 922 1439 valere,

169 1445 305 1507 Iurasset
326 1445 438 1526 cupide
458 1444 606 1525 quicquid
627 1447 751 1526 ineptus
774 1464 873 1506 arnor:

105 1530 248 1608 ,Perque
269 1549 337 1590 suas
359 1533 483 1610 Impune
506 1531 580 1590 sinit
600 1530 754 1609 Dictynna
775 1530 902 1607 sagittas

167 1613 329 1688 Affirmes,
353 1615 455 1674 crines
477 1632 597 1694 perque
618 1614 760 1674 Minerva
782 1632 862 1672 suos.

105 1697 168 1758 'At
188 1699 215 1757 si
236 1696 343 1758 tardus
364 1699 444 1777 eris,
466 1699 601 1758 errabis:
623 1699 756 1758 transiet
776 1703 869 1757 aetas.

168 1782 264 1857 Quam
287 1783 347 1842 cito
368 1802 430 1841 non
453 1783 556 1860 segnis
578 1788 639 1842 stat
660 1789 840 1862 remeatque
863 1779 944 1839 dies!

127 1864 222 1940 Quam
245 1866 306 1925 cito
328 1884 503 1946 purpureos
526 1865 672 1946 deperdit
692 1873 780 1926 terra
799 1862 940 1940 colores,

169 1950 266 2025 Quam
288 1950 350 2009 cite
369 1950 520 2009 formosas
541 1948 673 2030 populns
696 1950 758 2010 altu
777 1949 892 2011 comas!

127 2033 223 2109 Quam
241 2033 341 2111 iacet,
362 2034 503 2093 infirmae
524 2052 640 2093 venere
662 2035 715 2094 ubi
736 2034 800 2093 iata
821 2038 984 2109 senectae,

219 2117 227 2134 ·
288 2117 295 2134 ·
483 2144 488 2151 .
710 2120 717 2135 ·
914 2116 921 2155 r

102 2114 973 2279 2vitianda,emneriiaarum,

168 2283 365 2344 Maerentem
386 2284 499 2345 stultos
521 2286 722 2366 praeteriisse
744 2283 819 2346 dies.

128 2365 281 2428 Crudeles
303 2367 380 2428 divi!
403 2387 533 2449 serpeus
552 2388 647 2430 novus
671 2368 754 2428 exuit
777 2386 887 2427 anuos:

168 2451 300 2512 Formae
322 2472 385 2513 non
406 2451 501 2513 ullam
522 2453 587 2513 iata
608 2450 725 2511 dedere
745 2470 870 2511 moram.

128 2533 209 2595 Solis
232 2543 359 2597 aeterna
380 2543 429 2598 cst
449 2537 577 2597 Phoebo
598 2535 781 2613 Bacchoque
803 2536 941 2614 iuuenta:

167 2620 245 2680 Nam
268 2619 360 2683 decet
380 2623 522 2681 intonsus
544 2620 638 2680 crinis
659 2625 833 2698 utrumque·
846 2617 946 2680 deum.

128 2703 201 2781 Tu,
215 2723 313 2783 pnerc
338 2705 544 2785 quodcunque
565 2711 618 2764 tuo
640 2711 795 2785 temptare
816 2702 945 2782 libebit,

169 2785 287 2848 Cedas:
309 2790 458 2869 obsequio
480 2788 614 2870 plurima
630 2790 727 2850 vincit
748 2809 843 2850 amor.

126 2871 194 2931 Neu
216 2889 319 2932 comes
338 2876 386 2933 irc
408 2891 522 2952 neges,
546 2874 683 2951 quamvis
703 2876 750 2934 via
769 2873 861 2952 longa
879 2879 1008 2953 paretur

88 2984 91 2989 ·
167 2954 210 3015 ut
232 2955 325 3016 Oanis
347 2958 449 3017 arenti
469 2963 589 3017 terreat
609 2976 681 3017 arva
703 2959 772 3036 siti,

80 3102 88 3131 [Ι
128 3039 270 3115 Quamvis
291 3047 478 3120 praetexens
499 3042 588 3121 picea
609 3040 772 3119 ferrugine
794 3038 912 3100 caelum

80 3148 93 3177 r·
169 3123 340 3185 Venturam
364 3123 505 3185 admittat
525 3124 668 3186 imbrifer
692 3142 781 3184 arcus
804 3142 921 3202 aquam.

89 3236 93 3241 ·
126 3205 188 3269 Vel
210 3208 236 3267 si
258 3207 417 3270 caeruleas
438 3209 535 3289 puppi
553 3207 638 3269 volet
657 3209 705 3268 ire
727 3226 785 3289 per
806 3205 920 3283 undas,
1045 3279 1048 3283 ⁴

81 3294 86 3301 '
168 3291 239 3371 ipse
259 3291 361 3354 levem
382 3311 469 3353 remo
490 3310 549 3373 per
569 3293 653 3352 freta
673 3290 759 3373 pelle
780 3299 887 3368 ratem.

125 3374 192 3435 Nec
213 3381 246 3435 te
266 3379 425 3455 paeniteat
447 3374 540 3436 duros
553 3376 693 3437 subiisse
713 3374 839 3435 labores
956 3382 959 3386 ’

169 3459 233 3519 Aut
254 3479 350 3540 opera
371 3463 510 3522 insuetas
532 3459 703 3522 attenuisse
720 3476 856 3534 manns,
