2414 3848
99 207 139 270 28
289 157 291 160 ⁴
378 228 380 233 ·
447 201 592 263 prauum
614 203 681 264 ma
696 202 731 262 11.
745 214 771 267 a.

140 376 222 437 Hinc
244 391 352 451 cruor,
373 372 446 433 binc
468 369 579 433 caedes
599 390 682 431 mors
703 372 893 452 propiorque
914 375 1008 437 venit.

97 457 217 520 Praeda
238 477 313 537 vago
332 457 422 517 iussit
443 457 599 535 geminare
619 453 758 535 pericula
779 462 893 536 ponto,

140 540 257 603 Bellica
280 560 348 602 cum
370 539 471 600 dubiis
491 545 594 601 rostra
614 538 701 600 dedit
722 541 849 602 ratibus.

98 625 269 687 Praedator
292 626 377 706 cupit
394 625 551 685 inmensos
573 623 719 684 obsidere
741 643 879 704 campos,

139 712 183 771 Ut
203 710 299 770 multa
319 711 480 769 innumera
500 709 607 788 iugera
626 713 732 787 pascat
754 726 826 782 ove3

100 795 157 855 Cui
177 792 257 875 lapis
280 799 425 855 externus
448 811 540 852 curae
562 798 625 869 est,
647 792 794 869 urbisque
814 795 962 855 tumultus

140 878 287 938 Portatur
309 875 419 937 validis
440 875 527 936 mille
549 875 689 936 columna
709 877 806 954 iugis,

98 960 221 1022 claudit
242 970 275 1022 et
290 951 472 1020 indomitum
492 958 591 1020 moles
609 978 709 1038 mare,
729 957 834 1021 lentus
855 967 889 1020 ut
909 963 991 1023 iutra
1065 973 1098 1026 45

139 1044 282 1124 Negligat
303 1044 449 1105 hibernas
471 1045 564 1124 piscis
586 1043 695 1104 adesse
717 1045 822 1104 minas.

97 1131 139 1189 At
161 1129 219 1188 tibi
239 1128 321 1189 laeta
341 1129 465 1188 trahant
485 1128 604 1189 Samiae
624 1128 761 1188 convivia
780 1135 882 1188 testae

138 1213 289 1292 Fictaque
311 1214 445 1272 Gumaua
465 1210 585 1271 lubrica
606 1219 691 1272 terra
711 1219 789 1272 rota.

97 1296 169 1355 Heu
186 1297 248 1356 heu
271 1295 417 1355 divitibus
438 1293 528 1354 video
550 1293 685 1374 gaudere
706 1294 843 1375 puellas:
931 1358 934 1364 ,

139 1379 200 1439 lam
221 1380 344 1439 veniant
365 1376 516 1458 praedae,
535 1380 561 1438 si
584 1379 688 1441 Venus
710 1385 796 1459 optat
819 1398 911 1459 opes;

99 1464 141 1524 Ut
160 1481 227 1524 mea
248 1461 369 1522 luxuria
389 1462 529 1521 Nemesis
549 1463 625 1522 fluat
644 1468 739 1540 utque
759 1482 818 1543 per
839 1466 946 1523 urbem

139 1545 265 1607 incedat
286 1545 375 1605 donis
397 1546 614 1626 conspicienda
633 1548 718 1607 meis.

97 1628 154 1688 llla
177 1637 264 1709 gerat
284 1637 386 1690 vestes
409 1635 534 1709 tenues,
559 1649 632 1709 quaa
655 1631 769 1690 femina
790 1631 854 1691 Coa

140 1713 271 1791 Texuit,
291 1720 411 1773 auratas
433 1712 644 1794 disposuitque
663 1716 742 1775 vias:

98 1794 148 1856 illi
170 1797 233 1856 sint
251 1799 379 1858 comites
400 1798 493 1874 fusci,
517 1818 592 1875 quos
613 1797 700 1858 ludia
720 1805 838 1876 torret,

141 1879 224 1940 Solis
245 1885 278 1941 et
299 1879 429 1940 admotis
450 1880 550 1940 inficit
569 1883 650 1960 iguis
672 1883 777 1960 equis:
867 1954 870 1958 Δ

97 1961 146 2023 llli
167 1962 302 2024 selectos
324 1969 446 2030 certent
466 1966 618 2044 praebere
640 1965 762 2025 colores

140 2047 247 2107 Africa
266 2048 430 2127 puniceum
450 2045 700 2127 purpureumque
723 2048 833 2128 Tyros.
904 2097 907 2103 .

97 2130 177 2190 Nota
198 2129 324 2210 loquor:
345 2149 472 2209 regnum
494 2132 562 2210 ipse
583 2133 687 2204 tenet,
711 2150 801 2210 quem
822 2151 915 2212 saepe
935 2136 1037 2212 coegit

139 2214 275 2274 Barbara
297 2219 441 2294 gypsatos
463 2215 550 2274 ferre
573 2222 688 2276 catasta
709 2216 815 2296 pedes.
1065 2227 1101 2280 do

99 2297 147 2357 Sit
165 2299 223 2357 tibi
246 2296 322 2358 dura
345 2317 450 2377 seges,
473 2299 627 2360 Nemesim
651 2301 704 2379 qui
726 2300 852 2360 abducls
876 2302 912 2360 ab
932 2303 1027 2378 urbe,

139 2379 302 2442 Persolvat
324 2381 410 2442 nulla
432 2385 549 2443 semina
570 2390 655 2444 terra
676 2382 748 2443 tide.
996 2458 999 2463 Ι

98 2466 209 2544 utto,
232 2466 354 2526 Bacche
372 2472 481 2545 tener,
503 2467 654 2527 iucundae
675 2469 811 2528 consitor
833 2486 926 2546 rivae,

140 2548 191 2609 Tu
208 2568 331 2651 quoque
347 2549 496 2628 devotos,
517 2551 654 2627 Bacche,
675 2550 819 2629 relinque
840 2551 932 2621 lacus.

97 2631 216 2692 Haud
206 2652 330 2713 ampune
350 2633 427 2694 licet
447 2635 598 2694 formosas
619 2635 760 2695 tristibus
781 2637 862 2713 agris
1067 2645 1101 2698 65

139 2716 280 2777 Abdere.
303 2736 366 2776 uon
387 2719 465 2778 tanti
487 2725 558 2778 suut
578 2723 630 2777 tua
648 2724 763 2797 musta,
785 2725 883 2799 pater

98 2800 124 2860 0
146 2797 269 2860 valeant
289 2800 413 2879 fruges,
434 2819 475 2861 ne
497 2803 559 2861 siut
579 2800 671 2862 modo
692 2821 767 2862 rure
787 2801 927 2882 puellae:

141 2883 237 2944 (ilaus
259 2880 338 2961 alat,
360 2891 395 2944 et
412 2886 516 2965 prisco
538 2904 624 2945 more
647 2886 792 2946 bibantur
814 2905 920 2965 aquae.

40 3012 42 3017 -
99 2965 194 3036 Glaus
214 2965 290 3028 aluit
310 2975 450 3046 veteres,
473 2974 506 3029 et
524 2971 637 3049 passim
658 2988 782 3049 semper
803 2977 958 3031 amarunt·

140 3050 222 3127 Quid
242 3052 348 3113 nocuit
369 3050 470 3113 sulcos
491 3072 554 3112 nou
573 3053 717 3114 habuisse
740 3054 847 3114 satos?
1066 3062 1102 3116 70

100 3134 191 3213 Tum,
215 3136 325 3215 quibus
346 3138 502 3217 aspirabat
521 3139 632 3214 Amor,
654 3139 823 3216 praebebat
845 3144 953 3218 aperte

140 3219 228 3279 Mitis
249 3220 282 3279 in
305 3222 447 3280 umbrosa
468 3219 576 3298 gaudia
596 3219 677 3280 valle
699 3221 814 3282 Venus.

97 3302 207 3364 Nullus
229 3309 297 3364 erat
319 3310 439 3382 custos,
460 3303 546 3365 nulla
568 3302 729 3364 exclusura
751 3303 894 3373 dolentes

139 3388 245 3447 lanua:
268 3388 295 3447 si
314 3389 360 3447 ias
382 3394 445 3465 est,
467 3407 532 3448 mos
553 3403 666 3468 precor
686 3386 743 3448 ille
765 3388 843 3449 redi.
