2414 3848
193 205 232 267 22
525 206 669 267 'rlssultl
690 206 757 266 LIB.
777 206 861 268 1.1o.

234 376 375 436 Haesura
396 379 428 436 in
449 383 557 435 nostro
578 374 642 436 tela
665 378 747 454 gerit
766 375 877 435 latere.

194 459 256 520 Sed
274 462 368 541 patrii
392 466 512 521 servate
526 459 646 541 Lares:
668 458 788 521 aluistis
811 466 843 519 et
863 457 964 535 idem,

235 545 401 607 Cursarem
422 551 543 605 vestros
566 564 635 603 cnm
656 551 747 604 tener
767 550 839 603 ante
859 541 967 623 pedes.

193 627 261 690 Neu
282 627 398 709 pudeat
418 631 521 709 prisco
544 646 598 688 vos
620 646 689 689 esse
711 648 729 688 e
751 628 860 708 stipite
881 628 995 686 factos:

237 713 288 773 Sic
307 715 423 774 veteris
445 711 536 774 sedes
558 711 732 773 incoluistis
752 713 821 799 avis

194 795 283 858 Tunc
302 796 411 857 melius
433 803 564 858 tenuere
586 795 696 875 fidem,
718 816 786 857 cum
807 813 944 876 paupere
966 792 1051 854 cultu

236 882 345 942 Stabat
364 883 398 941 in
418 883 525 959 exigua
543 880 664 958 ligneus
687 880 764 942 aede
787 879 872 941 deus.

121 1038 124 1049 Ι
194 966 254 1025 Hic
276 964 415 1045 placatus
437 973 520 1044 erat,
543 983 598 1024 seu
618 967 685 1044 quis
707 964 860 1025 libaverat
881 958 984 1040 duam,

237 1050 299 1110 Seu
321 1049 452 1110 dederat
473 1056 596 1109 sanctae
619 1051 724 1129 spicea
746 1056 829 1110 serta
849 1067 970 1108 comae:

145 1152 147 1156 ’
195 1136 298 1212 Atque
322 1132 432 1213 aliquis
455 1135 519 1194 voti
542 1153 667 1213 compos
687 1133 751 1194 liba
772 1136 841 1214 ipse
863 1133 988 1192 ferebat

197 1212 202 1217 ’
236 1218 373 1298 Postque
396 1208 499 1278 come's
519 1237 630 1298 purum
650 1216 716 1277 filia
736 1237 830 1296 parva
847 1217 957 1277 favum.

195 1305 237 1364 At
256 1303 345 1363 nobis
368 1308 488 1379 aerata,
509 1302 623 1378 Lares,
646 1300 798 1381 depellite
816 1299 897 1376 tela,

35 1458 38 1463 ³
237 1387 408 1464 Hostiaque
430 1404 447 1445 e
466 1384 559 1464 plena
580 1386 696 1445 rustica
716 1406 828 1466 porcus
849 1386 932 1444 hara.

93 1486 95 1490 '
197 1471 283 1532 Hanc
304 1490 381 1550 pura
403 1490 471 1530 cum
493 1478 579 1529 veste
601 1489 713 1548 sequar
733 1479 897 1549 myrtoque
920 1472 1053 1530 canistra
1160 1507 1164 1510 -

238 1555 350 1617 Vincta
372 1573 492 1633 geram,
515 1562 616 1632 myrto
638 1556 759 1615 vinetus
782 1555 902 1632 etipse
924 1562 1024 1633 caput.

197 1639 248 1699 Sic
269 1637 407 1719 placeam
427 1639 530 1698 vobis:
553 1636 630 1697 alius
653 1639 693 1697 sit
712 1637 804 1698 fortis
825 1639 857 1697 in
880 1639 989 1715 armis,

239 1723 366 1782 Sternat
387 1729 420 1782 et
441 1722 585 1781 adversos
608 1723 711 1782 Marte
733 1723 857 1782 favente
879 1721 989 1799 duces,

196 1807 239 1867 Ut
261 1807 336 1865 mihi
357 1808 477 1887 potanti
498 1807 596 1885 possit
615 1826 668 1865 sara
691 1805 797 1866 dicere
818 1806 900 1865 facta

238 1889 334 1952 Miles
356 1896 389 1950 et
409 1892 442 1949 in
462 1906 567 1949 mensa
586 1891 717 1969 pingere
738 1896 838 1950 castra
857 1909 953 1950 mero.

199 1976 274 2052 Quis
296 1976 385 2033 furor
407 1981 456 2034 est
478 1983 574 2034 atram
587 1972 689 2032 bellis
711 1993 874 2034 accersere
896 1974 1050 2034 mortem?

240 2059 383 2118 Imminet
404 2064 437 2117 et
458 2059 551 2119 tacito
575 2055 653 2117 clam
676 2060 761 2117 venit
781 2057 838 2119 illa
857 2057 948 2137 pede.

197 2142 267 2203 Non
289 2160 379 2220 seges
401 2151 449 2202 est
466 2142 566 2217 infra,
587 2161 649 2201 non
670 2143 758 2201 vinea
779 2140 877 2219 culta,
900 2140 956 2202 sed
978 2139 1074 2201 audax
1174 2150 1204 2202 3·

242 2227 399 2287 Cerberus
421 2232 454 2286 et
476 2226 601 2305 Stygiae
621 2227 723 2286 navita
744 2228 844 2306 turpis
867 2244 978 2304 aquae:

197 2309 263 2374 Illic
285 2312 502 2391 percussisque
524 2311 611 2387 genis
633 2315 765 2389 ustoque
789 2309 904 2390 capillo

240 2396 334 2455 Errat
357 2393 394 2454 ad
418 2397 564 2454 obscuro·
586 2392 702 2474 pallida
723 2397 813 2455 tnrba
834 2394 929 2455 lacus.

200 2480 296 2556 Quam
317 2480 419 2558 potius
440 2476 611 2538 laudandus
634 2479 685 2538 hic
708 2487 771 2558 est,
794 2499 884 2559 quem
903 2436 993 2558 fule
1015 2487 1121 2558 parata

242 2563 380 2642 Occupat
402 2565 434 2622 in
455 2583 548 2642 parva
567 2565 655 2643 pigra
678 2573 802 2623 senecta
826 2564 907 2623 casa!
1176 2576 1195 2624 4

198 2648 270 2727 lpse
290 2667 359 2706 suas
381 2655 518 2707 sectatur
538 2666 626 2724 oves,
648 2647 782 2707 attilius
805 2666 916 2725 agnos,

242 2732 285 2791 Et
307 2729 436 2790 calidam
457 2732 540 2791 fesso
565 2740 712 2811 conparat
729 2752 805 2791 uxor
827 2751 943 2809 aquam.

201 2815 253 2875 Sic
276 2833 333 2893 ego
356 2816 429 2895 sim,
448 2814 606 2895 liceatque
630 2824 721 2896 caput
743 2815 931 2875 candescere
954 2816 1052 2888 canis,

244 2899 408 2979 Temporis
431 2909 464 2960 et
483 2902 579 2979 prisci
600 2901 682 2958 iacta
703 2900 826 2959 referre
849 2917 964 2960 senem.

200 2983 323 3044 Interea
344 2985 407 3045 Pax
427 3005 500 3044 arva
521 2984 609 3044 colat.
632 2984 695 3043 Pax
718 2982 847 3043 eandida
868 2985 999 3063 primum
1178 2992 1199 3041 4

243 3067 337 3127 Duxit
358 3076 497 3129 araturos
520 3069 576 3127 snb
597 3069 668 3145 iuga
689 3067 790 3147 panda
810 3071 921 3143 boves,

200 3152 263 3211 Pax
285 3152 359 3212 aluit
378 3154 457 3213 vites
480 3161 513 3212 et
535 3171 643 3212 succos
666 3151 806 3212 condidit
827 3170 920 3229 uvae,

242 3236 404 3296 Funderet
424 3245 459 3295 nt
480 3241 552 3296 nato
573 3241 654 3296 testa
674 3242 804 3317 paterna
824 3255 957 3296 merum:

200 3319 281 3380 Pace
304 3320 414 3381 bidens
435 3338 603 3399 vomerque
624 3321 744 3399 vigent,
769 3331 799 3380 at
818 3322 920 3380 tristia
941 3319 1011 3378 duri

242 3404 355 3464 Militis
377 3406 408 3463 in
431 3406 571 3464 tenebris
595 3412 725 3485 occupat
747 3426 829 3464 arma
852 3406 944 3479 situs,

186 3487 339 3547 Rusticus
361 3486 539 3579 alueoque
560 3490 665 3571 vehit,
686 3487 767 3552 male
790 3489 912 3552 sobrius
933 3488 1021 3565 ipse5
