2414 3848
419 221 564 284 'llBUlll
584 221 652 281 ΗΒ.
669 219 691 280 l.
707 229 733 284 9.
751 230 792 283 10.

99 399 155 461 illa
175 395 261 457 nulls
283 400 377 475 queat
397 392 507 454 melius
530 407 712 451 consumere
733 394 857 449 noctem

142 483 204 542 Aut
227 499 355 560 operum
375 478 476 537 varias
496 476 687 556 disposuisse
707 475 799 534 vices.

98 569 142 628 At
163 572 216 627 tua
237 561 420 645 perdidicit:
443 581 501 622 nec
521 571 571 638 tu,
595 558 792 636 stultissime,
814 557 929 637 sentis,
1071 566 1105 621 65

142 650 221 710 (ium
242 649 300 708 tibi
322 665 385 707 non
404 644 497 707 solita
518 663 630 725 corpus
650 645 687 704 ab
708 649 775 702 arte
798 648 910 703 movet.

100 735 191 794 Tune
212 738 302 813 putas
318 728 406 791 illam
427 750 484 811 pro
505 735 539 790 te
558 728 726 808 disponere
749 727 851 786 crines

142 819 205 877 Aut
225 823 336 876 tenues
360 814 456 874 denso
476 819 606 895 pectere
628 811 722 872 dente
746 811 869 870 comas?

99 904 161 964 lsta
179 903 257 961 haec
281 898 450 981 persuadet
469 898 582 975 iacies,
605 914 741 973 auroque
762 893 899 955 lacertos

143 985 269 1048 Vinciat
290 990 323 1046 et
343 984 440 1062 Tyrio
462 982 596 1063 prodest
618 989 688 1061 apta
704 981 782 1041 sinn.
1072 986 1107 1041 70

102 1070 171 1130 Non
192 1071 264 1148 tibi,
286 1067 343 1129 sed
361 1068 464 1127 iuveni
486 1065 605 1126 cuidam
624 1063 690 1125 vult
710 1062 794 1124 bello
812 1061 929 1141 videri,

145 1153 299 1215 Devoveat
316 1172 375 1233 pro
399 1170 459 1230 qno
482 1169 612 1229 remque
635 1148 820 1227 domumque
840 1153 933 1208 trram.

103 1237 168 1297 Nec
187 1237 262 1297 lacit
282 1237 341 1296 hoc
361 1237 453 1310 vitio,
476 1233 533 1295 sed
554 1254 685 1314 corpora
706 1231 798 1292 foeda
818 1231 954 1313 podagra

143 1322 185 1381 nt
206 1322 289 1383 senis
309 1319 466 1401 amplexus
486 1319 570 1380 culta
589 1317 693 1399 puella
711 1318 801 1396 fugit.

100 1405 182 1465 Huic
201 1413 304 1465 tomen
326 1405 468 1465 accubuit
489 1409 597 1464 noster
618 1422 712 1484 puer:
735 1402 816 1461 hnnc
838 1421 895 1481 ego
919 1399 1041 1461 credam
1074 1405 1109 1461 75

144 1490 222 1550 (lum
242 1491 382 1550 trucibus
398 1489 557 1550 Venerem
577 1488 707 1566 iungere
729 1505 822 1567 posse
844 1487 931 1546 feris.
993 1548 995 1552 ,

100 1571 313 1634 Blanditiasne
333 1591 417 1634 meas
439 1570 508 1632 eliis
530 1578 563 1631 tu
582 1568 720 1631 vendere
742 1588 777 1629 es
797 1590 902 1647 ausus,

144 1657 235 1718 Tune
257 1656 326 1718 aliis
348 1656 476 1717 demens
497 1654 601 1716 oscula
621 1656 708 1716 ferre
728 1656 818 1714 mea?

101 1741 191 1802 Tunc
212 1743 318 1819 flebis,
342 1761 409 1801 cum
431 1759 480 1800 me
500 1742 635 1800 vinctum
654 1758 732 1820 puer
754 1737 834 1798 alter
855 1739 982 1798 habebit

143 1826 185 1885 lot
206 1833 296 1904 geret
313 1826 344 1884 in
366 1844 464 1903 regno
485 1843 582 1904 regna
604 1825 737 1904 superba
756 1829 818 1884 tuo.
877 1831 882 1841 ‘
1074 1827 1110 1881 80

100 1910 144 1969 At
164 1914 216 1969 tua
237 1916 302 1970 tum
323 1928 371 1969 me
393 1928 494 1989 poena
514 1911 616 1987 iuvet,
637 1909 819 1987 Venerique
840 1907 974 1967 merenti

143 1993 219 2053 Fixa
240 1999 329 2054 notet
351 2013 437 2053 casus
460 2012 552 2053 aurea
574 1993 673 2073 palma
694 2011 789 2055 meos.

103 2076 209 2138 ‘Hanc
230 2079 290 2138 tibi
309 2075 414 2137 fallaci
433 2076 591 2137 resolutus
613 2095 717 2136 amore
742 2074 887 2136 Tibullus

145 2160 276 2223 Dedicat
298 2167 333 2221 et
353 2166 441 2240 grata
462 2162 521 2238 sis,
543 2160 617 2238 dea,
640 2167 745 2220 mente
764 2161 874 2240 rogat?

581 2367 682 2443 X.)

104 2461 183 2566 lluis
204 2495 281 2572 fnit,
299 2493 474 2555 horrendos
495 2495 613 2574 primus
634 2493 686 2572 qui
705 2490 836 2572 protulit
858 2490 972 2551 enses?

146 2581 243 2656 Quam
263 2579 350 2638 ferus
372 2586 405 2639 et
426 2597 499 2639 vere
521 2578 645 2637 ferrens
667 2574 722 2636 ille
744 2576 818 2635 init!

103 2665 184 2727 Tum
207 2661 318 2722 caedes
340 2663 497 2723 hominum
520 2663 644 2741 generi,
666 2668 731 2720 tum
752 2658 871 2741 proelia
891 2665 977 2738 nata,

146 2748 227 2808 Tum
248 2747 373 2806 brevior
397 2746 483 2807 dirae
503 2747 613 2806 mortis
635 2752 743 2824 aperta
764 2745 811 2804 via
833 2749 890 2804 est.

103 2833 152 2894 An
173 2828 252 2890 nihil
273 2829 330 2890 ille
351 2832 446 2890 miser
467 2831 605 2890 meruit?
626 2848 683 2889 nos
706 2827 745 2888 ad
765 2826 844 2888 mala
866 2833 972 2888 nostra
1094 2837 1111 2891 ⁵

29 2934 50 2983 ιι
146 2916 321 2995 vertimus,
342 2915 375 2973 in
392 2932 497 2974 saevas
518 2912 600 2992 quod
622 2912 710 2974 dedit
730 2911 787 2972 ille
808 2913 902 2972 ieras.

102 3001 215 3062 Divitis
236 2998 297 3059 hoc
315 2999 422 3058 vitium
444 3004 493 3058 est
515 2999 589 3058 auri.
612 2998 677 3058 Nec
699 2996 781 3057 bella
800 2998 942 3074 fuerunt,

147 3085 283 3162 Faginus
305 3084 424 3142 astabat
445 3101 512 3142 cum
534 3084 667 3162 scyphus
687 3089 759 3141 ante
782 3080 888 3161 dapes,

102 3169 173 3231 Non
192 3186 296 3244 arces,
317 3185 378 3226 non
401 3164 499 3227 vallus
519 3172 604 3244 erat,
623 3184 823 3244 somnumque
844 3166 972 3245 petebat

147 3253 280 3312 Securus
301 3253 400 3310 varias
423 3249 483 3310 dux
504 3252 608 3329 gregis
629 3252 713 3311 inter
731 3269 813 3311 ores.
1081 3255 1112 3309 10

103 3338 194 3397 Tunc
215 3335 290 3394 mihi
311 3335 372 3394 vita
392 3335 493 3413 foret,
514 3334 597 3413 vulgi
618 3354 677 3395 nec
698 3337 800 3395 tristia
818 3351 942 3394 nossem

147 3422 243 3480 Arma
263 3436 322 3478 nec
345 3417 498 3479 audissem
516 3418 611 3479 corde
633 3420 766 3478 micante
788 3420 907 3478 tubam:

101 3504 190 3566 Nunc
209 3501 249 3565 ad
269 3501 351 3565 heila
381 3505 500 3583 trahor,
522 3510 556 3564 et
576 3503 733 3583 inmunis
754 3503 896 3563 iorsiian
907 3498 1023 3556 nuans
