2414 3848
96 191 138 253 24
435 190 580 251 leUhLl
600 190 669 250 LlB.
688 191 724 251 ll.
741 204 766 255 1.

97 361 207 421 Omnia
229 361 291 420 sint
312 367 438 440 operata
460 358 536 420 deo:
557 379 620 420 non
641 358 753 420 audeat
773 356 838 419 ulla

54 453 78 487 ἑ
139 445 305 505 Lanificam
325 445 431 524 pensis
448 444 631 524 imposuisse
650 462 781 526 manum.
1078 458 1109 512 ιο

99 529 162 592 Vos
185 547 307 608 quoque
330 530 438 588 abesse
459 526 570 608 procul
591 528 700 605 iubeo,
719 526 859 588 discedat
880 531 917 590 ab
940 530 1024 609 aris,

141 612 199 673 Cui
219 614 292 676 tulit
314 615 461 673 hesterna
483 611 592 691 gaudia
612 618 705 673 nocte
727 613 845 674 Venus.

98 697 190 758 (iusta
212 695 339 778 placent
360 697 496 777 superis:
518 716 595 777 pura
618 714 685 757 cum
704 703 791 757 veste
811 697 915 756 venite

139 782 181 840 Et
202 782 339 843 manibus
360 782 447 861 puris
470 782 581 841 sumite
602 780 698 840 iontis
720 800 836 859 aquam.

99 866 242 943 Gemite,
266 864 422 944 fulgentes
446 872 480 927 ut
501 870 552 925 eat
572 883 661 925 sacer
682 884 777 943 agnus
800 863 839 923 ad
861 884 929 924 aras
1079 878 1110 930 15

141 949 314 1026 Vinctaque
335 957 407 1029 post
428 948 497 1010 olea
518 947 647 1009 candida
668 951 759 1009 turba
781 968 890 1009 comas.

99 1033 150 1094 Dii
171 1035 279 1113 patrii,
300 1053 465 1114 purgamus
487 1051 593 1112 agros,
615 1051 780 1113 purgamus
804 1039 958 1112 agrestes:
1010 1079 1011 1082 ,

140 1118 205 1180 Vos
227 1117 306 1178 mala
325 1116 364 1178 de
383 1119 498 1179 nostris
520 1116 632 1198 pellite
650 1116 816 1195 limitibus,

88 1203 166 1262 ¹Neu
188 1220 277 1280 seges
300 1200 405 1262 eludat
426 1220 558 1263 messem
578 1199 741 1264 fallacibus
763 1202 888 1279 herbis,

141 1286 207 1346 Neu
228 1289 334 1346 timeat
355 1284 475 1346 celeres
497 1285 615 1346 tardior
636 1304 713 1363 agna
731 1284 831 1366 lupos.
1078 1297 1112 1351 ho

99 1371 189 1430 Tunc
211 1369 327 1430 nitidus
348 1368 452 1450 plenis
474 1371 606 1432 confisus
627 1372 761 1430 rusticus
782 1372 864 1449 agris

140 1455 266 1532 ingeret
288 1452 411 1514 ardenti
431 1454 559 1532 grandia
579 1452 663 1531 ligna
683 1454 771 1532 foco,

99 1538 268 1618 Turbaque
289 1556 469 1615 vernarum,
489 1539 586 1597 saturi
606 1541 686 1598 bona
707 1539 794 1616 signa
816 1535 935 1615 coionh

140 1622 242 1683 Ludet
264 1629 297 1684 et
313 1641 351 1684 eu
370 1622 465 1702 virgis
486 1630 609 1683 extruet
631 1629 702 1682 ante
726 1642 818 1682 caras.

97 1708 255 1769 Eventura
275 1707 406 1788 precorr
428 1707 521 1767 viden
542 1714 577 1766 ut
597 1704 742 1766 felicibus
765 1708 844 1766 extis

142 1791 304 1869 Significet
325 1789 464 1871 placidos
485 1793 593 1851 nuntia
613 1791 691 1850 fibra
714 1790 812 1849 deos?

98 1876 186 1936 Nunc
208 1875 284 1934 mihi
305 1875 441 1934 fumosos
463 1877 578 1957 retegis
600 1875 742 1955 proferte
765 1872 916 1935 Falernos

141 1959 284 2036 Consplis
304 1964 337 2019 et
359 1959 437 2019 chio
460 1958 570 2019 solvite
591 1957 693 2018 vincla
716 1957 801 2018 cado.

98 2043 179 2104 Vina
201 2042 283 2102 diem
305 2040 483 2102 celebrent:
507 2061 568 2101 non
589 2043 670 2102 festa
690 2041 762 2102 luce
784 2042 909 2102 madere

139 2128 196 2186 Est
219 2128 331 2204 rubor,
353 2134 496 2187 errantes
517 2133 551 2186 ct
570 2125 650 2186 male
672 2127 758 2186 ferre
779 2126 885 2206 pedes.
1076 2137 1112 2192 ab

99 2209 162 2270 Sed
184 2212 283 2270 ‘bene
303 2208 488 2271 Messalam’
513 2230 567 2270 sua
591 2211 722 2289 quisque
745 2209 783 2270 ad
802 2210 912 2291 pocula
932 2209 1016 2272 dicat

140 2292 259 2354 Nomen
279 2302 312 2355 et
334 2297 471 2355 absentis
493 2293 614 2373 singula
635 2297 729 2355 verba
750 2302 872 2355 sonent.

98 2379 210 2439 Gentis
231 2379 404 2458 Aquitanae
428 2378 555 2439 celeber
574 2377 711 2438 Messala
734 2379 898 2458 triumphis

140 2463 182 2521 nt
203 2481 311 2541 magna
332 2464 464 2523 intonsis
486 2460 586 2541 gloria
606 2465 705 2522 victor
724 2462 803 2540 avis,

97 2546 166 2606 Huc
185 2545 259 2606 ades
281 2548 444 2627 aspiraque
466 2548 556 2623 mihi,
579 2545 650 2606 dum
674 2548 809 2606 carmine
830 2557 937 2607 nostro
1075 2555 1110 2609 35

139 2628 295 2690 Redditur
319 2630 463 2708 agricolis
485 2632 584 2709 gratia
606 2629 778 2691 caelitibus.

96 2715 180 2774 Rura
202 2733 276 2776 cano
300 2716 444 2792 rurisque
467 2712 552 2774 deos.
575 2715 623 2774 his
644 2715 706 2774 vita
727 2714 883 2792 magistris

140 2798 288 2858 Desuevit
309 2817 426 2877 querna
446 2797 567 2879 pellere
589 2796 700 2876 glande
721 2799 848 2858 famem:

97 2880 147 2943 llli
170 2883 349 2963 compositis
370 2884 502 2962 primum
525 2882 660 2943 docuere
682 2879 793 2959 tigillis

139 2967 286 3045 Exiguam
308 2966 400 3027 viridi
421 2966 534 3028 fronde
554 2968 679 3047 operire
699 2964 837 3041 domum,
1076 2975 1112 3028 to

97 3047 148 3111 Illi
171 3051 264 3110 etiam
286 3057 390 3111 tauros
413 3052 505 3132 primi
527 3049 669 3110 docuisse
689 3051 834 3110 feruntur

142 3134 308 3196 Servitium
326 3143 359 3196 et
376 3134 515 3216 plaustro
538 3135 736 3215 supposuisse
757 3142 867 3199 rotam.

98 3217 188 3279 'lunc
210 3220 308 3280 victus
331 3222 436 3280 abiere
453 3219 532 3293 feri,
554 3225 628 3279 tunc
650 3219 769 3278 consita
784 3235 910 3298 pomus,

142 3302 232 3366 Tunc
252 3305 332 3365 bibit
353 3305 485 3382 irriguas
507 3302 623 3364 fertilis
645 3303 754 3361 hortus
777 3321 887 3381 aquas,

98 3387 202 3449 Aurea
218 3395 292 3448 tunc
312 3407 439 3468 pressos
461 3387 592 3468 pedibus
615 3385 702 3447 dedit
723 3405 780 3446 uva
800 3386 939 3465 liquores
1075 3394 1111 3449 4⁵

143 3475 303 3552 Mixtaque
325 3492 434 3535 securo
457 3478 506 3532 est
527 3472 631 3532 sobria
651 3468 778 3550 lympha
800 3489 897 3531 mero.

851 3618 931 3673 qtae:
