2414 3848
106 198 142 258 12
450 185 596 256 TlllULLI
617 194 684 255 LIB.
700 196 722 256 l.
738 205 765 258 5.

103 365 203 444 Saepe
223 383 280 444 ego
304 365 420 425 tentavi
441 383 529 438 curas
549 361 711 444 depellere
732 364 820 425 vinos

143 449 186 508 At
208 447 298 509 dolor
319 449 352 507 in
373 445 516 507 lacrimas
539 449 677 507 verterat
699 465 788 508 omne
809 464 936 506 merum.

102 533 202 612 Saepe
226 531 315 592 aliam
335 533 437 592 tenui:
461 529 518 591 sed
537 532 597 591 iam
621 550 688 591 cum
710 530 818 610 gaudia
840 529 972 610 adirem,

144 615 312 676 Admonuit
334 614 475 676 dominae
498 613 698 695 deseruitque
716 616 832 676 Venus.
1071 627 1107 680 40

101 700 190 760 Tunc
212 720 260 760 me
283 698 447 760 discedens
466 697 610 760 devotum
629 698 745 759 femina
767 698 860 776 dixit,

142 785 184 843 llt
204 783 302 864 pudet
323 789 356 844 et
373 790 479 844 narrat
499 783 581 844 scire
602 781 736 844 nefanda
754 800 862 843 meam.

100 867 168 927 Nou
190 868 265 928 facit
285 868 346 928 hoc
367 869 487 946 verbis,
509 867 589 928 facie
610 868 791 945 tenerisque
807 864 935 926 lacertis

143 952 281 1012 Devovet
303 957 336 1011 et
357 953 443 1011 flavis
464 956 571 1012 nostra
592 948 697 1030 puella
719 951 823 1011 comis.

101 1033 188 1094 Talis
209 1035 248 1094 ad
270 1035 474 1096 Haemonium
494 1036 609 1095 Nereis
625 1033 723 1094 Pelea
745 1032 898 1113 quondam
1071 1047 1106 1099 45

141 1120 240 1181 Vecta
263 1125 312 1180 est
332 1119 473 1183 fraenato
498 1117 621 1179 caerula
642 1120 728 1199 pisce
751 1118 873 1178 Thetis.

100 1203 185 1263 Haec
206 1222 345 1264 nocuere
366 1204 459 1281 mihi,
483 1203 565 1282 quod
586 1201 674 1263 adest
695 1204 767 1263 huic
790 1200 884 1262 dives·
896 1209 1027 1265 amator:
1053 1225 1055 1229 ·

141 1287 238 1349 Venit
259 1289 292 1347 in
314 1289 440 1349 exitium
462 1285 574 1347 callida
595 1285 667 1347 lena
688 1306 798 1348 meum.
847 1296 849 1302 '

102 1371 290 1449 Sanguineas
314 1371 387 1432 edat
407 1369 463 1434 illa
484 1369 579 1450 dapes
601 1376 693 1450 atque
716 1389 772 1431 ore
793 1377 922 1430 cruento

143 1455 262 1516 'Pristis
286 1475 354 1516 cum
375 1454 471 1515 multo
491 1453 603 1536 pocula
623 1454 700 1515 felle
720 1456 822 1515 bibat:
1071 1467 1106 1516 50

99 1539 187 1598 Hanc
209 1538 341 1599 volitent
362 1541 479 1599 animae
502 1540 617 1599 circum
634 1559 688 1598 sua
709 1539 772 1599 lata
794 1546 963 1617 querentes

143 1622 290 1703 Semper,
314 1630 347 1682 et
366 1642 383 1682 e
404 1624 497 1683 tectis
518 1624 595 1684 strix
615 1621 753 1683 violenta
775 1628 878 1683 canat:

98 1707 166 1786 lpsa
184 1707 266 1767 fame
288 1705 467 1767 stimulante
489 1706 596 1767 furens
619 1708 794 1787 herbasque
817 1703 970 1787 sepulcris

143 1791 278 1866 Quaerat
298 1798 332 1850 et
353 1812 370 1850 a
389 1792 486 1850 saevis
508 1809 577 1850 ossa
595 1790 707 1851 relicta
727 1791 824 1870 lupis,

103 1874 216 1933 Currat
238 1881 271 1934 et
291 1875 468 1952 inguinibus
489 1872 579 1934 nudis
600 1873 761 1954 ululetque
780 1893 838 1954 per
858 1875 969 1951 urbes,
1072 1887 1105 1936 55

144 1958 220 2017 Post
242 1964 312 2036 agat
334 1977 351 2018 e
372 1959 472 2017 triviis
493 1977 603 2038 aspera
624 1960 715 2019 turba
737 1978 854 2018 canum.

99 2042 269 2102 Evenient:
292 2040 344 2101 dat
364 2043 451 2120 signa
472 2041 565 2102 deus:
587 2050 659 2103 sunt
679 2042 803 2101 numina
826 2044 954 2119 amanti,

142 2125 246 2184 Saevit
269 2132 302 2185 et
322 2126 438 2185 iniusta
458 2125 531 2204 lege
550 2124 662 2186 relicta
682 2126 797 2188 Venus.

99 2209 140 2268 At
161 2215 195 2268 tu
217 2210 457 2289 quamprimum
478 2228 569 2287 sagae
590 2216 757 2291 praecepta
778 2210 897 2288 rapacis

141 2293 277 2353 Desere:
299 2313 369 2352 nam
392 2292 481 2354 donis
502 2295 635 2355 vincitur
658 2294 755 2354 omnis
778 2312 871 2354 amor.
1071 2303 1106 2354 60

100 2375 222 2456 Pauper
243 2378 304 2437 erit
324 2383 469 2458 praesto,
492 2379 551 2438 tibi
571 2385 696 2459 praesto
718 2395 836 2458 pauper
858 2375 956 2437 adibit
998 2397 1001 2401 ’

139 2459 262 2520 Primus
284 2469 317 2521 et
337 2462 370 2520 in
390 2469 500 2523 tenero
523 2463 601 2524 linus
622 2463 684 2523 erit
704 2461 822 2538 latere,

99 2544 221 2624 Pauper
241 2546 274 2604 in
296 2553 424 2624 angusto
443 2545 523 2605 fidus
545 2565 648 2607 comes
671 2546 790 2626 agmine
811 2545 921 2604 turbae

143 2627 356 2706 Subiioietqne
379 2648 485 2689 manus
508 2630 688 2710 efficietque
709 2631 803 2706 viam,

98 2711 221 2790 Pauper
243 2709 282 2770 ad
304 2708 442 2772 occultos
464 2712 571 2773 furtim
594 2712 729 2774 deducet
750 2713 863 2772 amicos
991 2789 993 2792 y
1069 2719 1104 2773 65

140 2794 314 2873 Vinclaque
334 2793 374 2854 de
393 2796 483 2855 niveo
507 2795 653 2858 detrahet
674 2799 742 2878 ipse
764 2794 855 2878 pede.

98 2876 169 2937 Heu
190 2879 325 2939 canimus
346 2879 478 2957 frustra,
501 2899 560 2941 nec
578 2883 682 2943 verbis
701 2883 782 2942 victa
802 2879 937 2960 patescit

139 2961 255 3040 lanua,
278 2961 335 3021 sed
356 2961 450 3043 plena
471 2970 521 3025 est
540 2964 745 3046 percutienda
765 2983 865 3025 manu.

98 3044 140 3103 at
160 3051 211 3122 tu,
235 3046 287 3123 qui
305 3047 410 3125 potior
431 3066 512 3108 nunc
535 3067 585 3128 es,
607 3068 675 3110 mea
696 3051 761 3110 fata
781 3050 908 3108 timeto:

143 3128 295 3188 Versatur
316 3128 414 3190 celeri
436 3130 516 3192 Fors
536 3131 623 3193 levis¹
638 3136 714 3194 orbe
734 3139 829 3194 rotae.
1070 3139 1104 3192 ‘lo

98 3209 166 3271 Non
188 3212 306 3272 frustra
328 3212 451 3292 quidam
470 3216 530 3275 iam
552 3236 633 3277 nunc
653 3219 685 3276 in
705 3215 812 3276 limine
834 3219 955 3296 perstat

142 3294 275 3356 Sedulus
295 3316 330 3357 ac
354 3299 465 3358 crebro
485 3302 637 3381 prospicit
659 3320 693 3360 ac
712 3300 844 3377 refugit,

97 3379 140 3439 Et
163 3378 287 3441 simulat
307 3382 442 3441 transire
465 3380 605 3463 domum,
627 3403 696 3444 mox
718 3381 831 3443 deinde
853 3381 990 3443 recurrit

141 3463 232 3524 Solus
251 3470 284 3523 et
305 3471 377 3525 ante
397 3466 479 3545 ipsas
501 3474 627 3530 excreat
649 3486 745 3548 usque
767 3468 863 3528 fores.
