2414 3848
97 185 116 248 8
425 181 569 243 TIBULLI
590 181 658 242 LIB.
676 183 698 243 Ι.
715 192 740 246 3.
756 193 782 246 4.

141 352 260 428 Saevit,
279 355 312 409 et
334 350 394 410 huc
415 349 492 410 illuc
512 351 606 430 impia
626 351 717 410 turba
738 350 832 428 fugit:

99 437 187 496 Tunc
209 436 297 514 niger
317 434 349 492 in
371 439 462 513 porta
483 440 663 514 serpentum
685 433 841 494 Cerberus
863 455 918 495 ore

141 516 260 578 Stridet
282 523 314 577 et
335 524 455 578 aeratas
478 519 608 578 excubat
630 522 700 577 ante
720 517 814 577 fores.

99 603 167 664 illio
186 600 332 662 Iunonem
352 608 504 682 temptare
523 602 637 661 Ixionis
659 602 724 662 ausi

140 686 313 749 Versantur
335 684 432 744 celeri
453 685 543 745 noxia
563 687 701 746 membra
718 693 802 764 roto,

97 773 328 848 Porrectusque
350 787 459 829 novem
481 768 591 848 Tityos
613 788 671 848 per
692 769 799 848 iugera
820 777 923 830 terrae

141 851 287 913 Assiduus
309 858 376 912 atro
397 854 516 913 viscere
537 855 637 932 pascit
657 872 736 913 aves.

99 935 247 997 Tantalus
270 934 422 1014 estillic,
445 944 478 996 et
500 936 614 996 circum
637 943 757 1014 stagna.
780 936 837 997 sed
858 927 960 1000 acrem

139 1021 232 1081 Iam
223 1039 282 1079 ram
304 1021 409 1099 poturi
431 1019 549 1080 deserit
567 1020 649 1080 unda
671 1021 769 1080 sitim:
1023 1031 1025 1035 ’

97 1107 139 1166 nt
157 1104 253 1164 Danai
275 1103 396 1182 proles,
417 1103 552 1166 Veneris
574 1102 657 1182 quod
677 1106 801 1165 numina
820 1106 929 1186 laesit,

141 1189 174 1247 In
197 1206 268 1247 cova
289 1187 442 1248 Lethaeas
465 1185 548 1247 dolia
566 1193 674 1267 portat
695 1208 797 1268 aquas.

99 1271 165 1332 Illic
185 1272 241 1349 sit,
265 1272 439 1351 quicunque
460 1290 545 1331 meos
566 1270 690 1331 violavit
708 1291 842 1352 amores,

142 1355 266 1436 Optavit
287 1352 388 1414 lentas
407 1362 440 1415 et
460 1355 536 1415 mihi
557 1353 691 1414 militias.

98 1441 139 1500 At
162 1446 195 1499 tu
217 1445 300 1498 casta
321 1456 435 1518 precor
454 1458 592 1515 maneas,
620 1440 780 1518 sanctique
801 1440 929 1520 pudoris

142 1521 285 1583 Assideat
307 1529 409 1582 custos
429 1520 536 1582 sedula
558 1541 681 1602 semper
704 1542 788 1582 anus.

100 1608 184 1666 Haec
202 1607 261 1665 tibi
282 1603 413 1666 fabellas
434 1607 552 1666 referat
573 1608 734 1685 positaque
755 1607 882 1668 lucerna

140 1689 278 1750 Deducat
300 1687 392 1768 plena
413 1691 542 1750 stamina
559 1688 652 1768 longa
675 1689 760 1768 colo,

99 1777 145 1834 Ac
169 1776 250 1832 circa
267 1775 408 1851 gravibus
429 1775 534 1854 pensis
556 1775 645 1834 affixa
665 1772 770 1854 puello

142 1854 293 1916 Paulatim
316 1876 420 1917 somno
443 1857 527 1917 fessa
547 1858 686 1917 remittat
707 1877 793 1938 opus.

100 1942 179 2001 Purn
201 1941 320 2000 veniam
342 1943 460 2019 subito,
483 1959 541 2000 nec
536 1942 725 2031 qnisquam
745 1943 868 2002 nuntiet
889 1950 975 2021 ente,

142 2024 205 2084 Sed
226 2022 333 2084 videar
352 2024 436 2084 caelo
460 2005 569 2084 missus
591 2023 699 2085 adesse
721 2026 787 2086 tibi

101 2109 189 2168 'l'unc
208 2109 299 2186 mibi,
323 2108 420 2187 qualis
443 2109 521 2187 eris,
543 2107 653 2187 longos
674 2111 797 2170 turbata
819 2108 963 2190 capillos,

143 2193 238 2252 Obvia
260 2191 390 2271 nudato,
411 2191 515 2269 Delia,
539 2210 629 2252 curre
650 2191 741 2273 pede.

100 2277 167 2336 Hoc
186 2295 315 2355 precor,
334 2277 416 2336 hunc
436 2275 524 2337 illum
544 2277 632 2336 nobis
651 2277 773 2337 Aurora
793 2278 944 2338 nitentem

141 2359 320 2421 Luciferum
341 2361 440 2422 roseis
463 2358 592 2423 candida
613 2367 719 2440 portet
739 2363 837 2441 equis.

573 2568 634 2634 IV.

103 2649 180 2743 eSic
200 2686 343 2745 umbrosa
366 2686 423 2745 tibi
446 2685 627 2763 contingant
648 2691 743 2763 tecta,
765 2685 895 2765 Priape,
967 2732 972 2738 .
1037 2700 1042 2708 '

142 2769 188 2828 Ne
210 2769 303 2847 capiti
326 2766 423 2844 soles,
448 2786 488 2827 ne
507 2776 700 2849 noceantque
723 2770 823 2829 nives:

101 2855 186 2930 Quae
209 2859 261 2912 tua
282 2851 435 2911 formosos
458 2852 542 2931 cepit
563 2852 726 2913 sollertia?
747 2860 834 2913 certe

142 2936 210 2996 Non
232 2936 289 2996 tibi
309 2935 405 2995 barba
426 2935 522 3011 nitet,
543 2954 606 2996 non
626 2938 685 2997 tibi
706 2935 789 2996 culta
810 2955 895 2996 coma
916 2943 981 3013 est5

100 3019 205 3080 Nudus
226 3026 258 3079 et
277 3018 426 3078 hibernae
447 3017 593 3098 producis
613 3021 731 3098 frigora
750 3021 891 3099 brumae,

143 3102 247 3163 Nudus
270 3108 303 3162 et
324 3103 432 3163 aestivi
453 3109 593 3181 tempora
616 3103 696 3163 sicca
719 3102 833 3163 Canis?

77 3210 81 3217 ⁴
101 3188 152 3248 Sic
174 3205 247 3265 ego:
269 3192 333 3247 tum
355 3186 467 3246 Bacchi
486 3183 650 3265 respondit
670 3186 785 3246 rustica
807 3184 930 3265 proles,
973 3195 977 3203 '

143 3271 287 3332 Armatus
310 3289 401 3331 curva
422 3271 466 3330 sic
487 3269 563 3329 mihi
581 3267 663 3329 falce
685 3267 770 3329 deus.

100 3356 146 3418 ‘0
169 3355 241 3434 iuge
262 3360 295 3415 te
315 3361 443 3416 tenerae
464 3371 631 3434 puerorum
651 3351 781 3413 credere
802 3353 928 3412 turbae:

65 3466 66 3469 =
121 3437 205 3495 Mam
227 3457 352 3500 eausam
373 3440 451 3502 iusti
471 3456 599 3521 semper
621 3437 734 3499 amoris
754 3437 881 3498 babent.
