2414 3848
392 197 536 257 TIBULLI
555 197 622 257 LIB.
640 197 688 257 lv.
708 209 732 261 l.

51 369 168 446 Magna
188 366 278 425 deum
300 365 405 446 proles
426 363 544 424 levibus
568 364 760 425 discurreret
780 368 913 445 umbris,
980 364 984 369 ’

52 451 284 528 Praeteriitque
308 451 367 508 cita
390 449 531 507 Sirenum
553 447 647 507 litora
668 451 772 528 puppi.

54 534 144 594 illum
167 535 250 592 inter
270 534 409 610 geminae
430 538 554 591 nantem
578 533 708 590 confinia
726 534 834 592 mortis

54 619 119 678 Nec
143 614 266 696 Scyllae
289 636 378 676 saevo
403 616 575 674 conterruit
592 617 725 694 impetus
748 635 819 692 ore,

55 704 132 762 Cum
155 703 279 760 canibus
300 698 423 780 rapidas
445 701 528 758 inter
549 700 617 759 fera
638 707 782 778 serperet
803 699 915 777 undas,

54 786 120 845 Nec
143 782 278 844 violenta
300 803 354 843 suo
379 785 567 861 consumpsit
588 803 674 842 more
698 783 889 861 Charybdis,

55 867 116 930 Vcl
137 870 163 927 si
184 866 321 927 sublimis
341 869 436 926 fluctu
458 874 660 944 consurgeret
681 870 758 944 imo,

54 944 115 1014 Vel
137 953 163 1010 si
184 953 359 1030 interrupto
379 949 511 1009 nudaret
533 952 653 1028 gurgite
675 957 812 1030 pontum.

55 1036 125 1096 Non
147 1033 258 1094 violata
280 1037 346 1112 vagi
369 1034 519 1094 sileantur
541 1054 652 1114 pascua
674 1035 771 1111 Solis,

55 1119 125 1179 Nou
146 1138 231 1178 amor
252 1125 284 1178 ct
304 1117 438 1178 fecunda
459 1116 634 1178 Atlantidos
657 1140 726 1179 arra
749 1117 915 1197 Calypsus,

54 1202 139 1263 Finis
161 1209 193 1262 et
215 1203 331 1262 erroris
354 1203 460 1262 miseri
482 1201 633 1261 Phaeacia
656 1202 756 1263 tellus.

55 1288 159 1365 Atque
179 1287 256 1345 haec
277 1304 331 1346 seu
351 1293 471 1345 nostras
493 1287 577 1345 inter
600 1294 671 1346 sunt
691 1288 812 1364 cognito
835 1292 950 1362 terras,

55 1370 173 1430 Fabula
193 1372 256 1429 sive
279 1390 389 1429 novum
413 1368 500 1429 dedit
519 1371 567 1429 his
590 1373 749 1430 erroribus
772 1372 895 1446 orbem,

57 1455 105 1513 Sit
123 1452 212 1513 labor
233 1451 331 1532 illius,
355 1461 406 1513 tua
429 1453 499 1512 dum
519 1454 678 1531 facundia,
703 1456 807 1513 maior.

100 1537 160 1597 lam
183 1544 214 1596 te
238 1557 299 1596 uon
322 1537 399 1597 alius
422 1535 498 1596 belli
521 1544 607 1598 tenet
630 1541 728 1617 aptius
752 1543 850 1612 artes,

59 1622 124 1696 Qua
147 1619 255 1681 deceat
278 1627 374 1681 tutam
396 1623 505 1680 castris
527 1621 718 1700 praeducere
740 1622 869 1696 fossam,

59 1703 201 1780 Qualiter
225 1704 369 1764 adversos
391 1705 473 1763 hosti
496 1704 634 1783 deligere
657 1725 780 1782 cervos,

59 1789 194 1863 Quemne
215 1787 317 1848 locum
336 1787 426 1848 ducto
446 1788 555 1848 melius
577 1792 618 1849 sit
639 1788 784 1849 claudere
805 1785 903 1862 vallo,

58 1872 210 1933 Fontibus
231 1880 265 1932 ut
288 1871 395 1932 dulces
418 1879 558 1953 erumpat
579 1882 663 1933 terra
685 1872 840 1951 liquores,

58 1957 102 2016 Ut
122 1955 286 2035 facilisque
309 1958 369 2016 tuis
392 1955 492 2016 aditus
514 1959 555 2016 sit
577 1964 609 2016 et
631 1957 743 2016 arduus
763 1957 864 2032 hosti,

59 2039 173 2099 Laudis
194 2048 226 2099 et
248 2039 368 2099 assiduo
390 2042 492 2118 vigeat
516 2042 683 2100 certamine
707 2039 806 2098 miles.

60 2124 135 2198 Quis
157 2123 312 2183 tardamue
333 2123 440 2184 sudem
461 2122 571 2184 melius
594 2123 766 2184 celeremue
788 2122 929 2198 sagittam

59 2207 175 2267 lecerit
196 2212 247 2266 aut
266 2206 352 2266 leuto
373 2208 564 2287 perfregerit
586 2210 673 2267 obvia
694 2205 783 2286 pilo?
1032 2212 1066 2265 90

60 2290 123 2349 Aut
146 2292 213 2367 quis
235 2310 344 2369 equum
368 2291 564 2369 celeremque
586 2298 652 2351 arto
676 2306 873 2370 compescere
895 2287 1003 2346 fraeno

60 2373 164 2433 Possit
186 2381 218 2434 et
240 2375 351 2435 effusas
375 2375 462 2435 tardo
485 2376 668 2453 permittere
690 2375 842 2448 habenas,

61 2458 158 2535 Inque
180 2459 278 2517 vicem
298 2459 388 2518 modo
412 2459 531 2518 directo
556 2458 746 2518 contendere
766 2474 872 2536 passu,

63 2541 125 2600 Seu
147 2539 258 2619 libeat,
280 2562 371 2601 curvo
395 2544 517 2601 brevius
540 2548 722 2603 convertere
744 2559 836 2619 gyro,

64 2625 138 2700 Quis
157 2644 278 2704 parma,
299 2644 354 2685 seu
376 2625 483 2685 dextra
503 2625 579 2686 velit
601 2645 655 2685 seu
678 2624 782 2701 laeva,
806 2623 904 2698 tueri,
1033 2629 1065 2683 95

65 2706 135 2767 Sive
157 2710 214 2768 hac
237 2710 301 2768 sire
323 2708 394 2769 illac
417 2708 540 2787 grandis
563 2712 647 2769 renit
668 2710 800 2788 impetus
823 2708 929 2764 hastae

62 2789 222 2871 Amplior,
244 2799 295 2851 aut
317 2795 435 2871 signata
456 2794 516 2853 cita
536 2792 604 2853 loca
625 2799 752 2870 tangere
775 2790 894 2849 sunda?

62 2874 124 2933 lam
144 2874 234 2935 simul
256 2875 378 2936 audacis
397 2879 524 2937 venient
546 2878 713 2936 certamina
735 2875 862 2950 Martis,

63 2956 273 3038 Adversisquc
296 2969 407 3039 parcnt
425 2963 506 3020 acics
530 2978 715 3020 concurrere
739 2959 851 3036 signis,

64 3040 144 3101 Tum
165 3044 223 3103 tibi
244 3062 306 3102 non
328 3043 408 3104 desit
428 3045 538 3103 faciem
561 3061 745 3123 componere
767 3058 903 3120 pugnae,
1016 3050 1068 3101 100

64 3125 126 3186 Seu
144 3129 186 3186 sit
204 3146 279 3208 opus
303 3127 482 3206 quadratum
504 3129 585 3187 acies
609 3128 756 3186 consistat
776 3126 808 3183 in
829 3142 953 3201 agmen,

63 3211 177 3271 Rectus
197 3218 232 3271 ut
249 3213 386 3290 aequatis
406 3210 550 3271 decurrat
569 3211 723 3270 frontibus
743 3207 836 3283 ordo,

65 3293 127 3353 Seu
147 3292 243 3355 libeat
267 3294 419 3375 duplicem
441 3296 601 3354 seiunctim
625 3310 755 3353 eernere
777 3291 926 3367 Martem,

64 3378 182 3437 Dexter
202 3380 248 3438 uti
270 3378 388 3440 laevum
411 3385 516 3438 teneat
538 3376 738 3455 dextrumque
760 3376 885 3434 sinister

64 3461 160 3522 Miles
182 3464 284 3543 sitque
306 3462 419 3542 duplex
442 3463 556 3540 gemini
577 3462 704 3521 victoria
727 3477 822 3518 casus.
1020 3465 1067 3515 105
