2414 3848
296 204 442 264 TlBULLI
465 204 671 287 (lionam)
690 206 759 268 LlB.
775 207 825 269 lll.
842 220 869 273 6.

65 372 230 433 Armenias
251 373 348 450 tigres
369 378 400 432 et
417 372 516 433 fuluas
540 372 597 432 ille
619 372 742 433 leaenas

110 456 197 517 Vicit
217 462 251 515 et
271 455 429 515 indomitis
450 455 558 516 mollia
578 456 673 517 eorda
695 456 789 518 dedit.

65 540 154 599 llaec
173 541 269 599 Amor
291 546 324 599 et
345 542 459 600 maiora
481 538 571 600 valet.
595 539 649 600 sed
671 544 791 620 poscite
813 543 926 602 Bacchi

109 624 258 683 Munera:
281 643 372 703 quem
393 631 529 684 vestrum
552 625 661 704 pocula
684 627 765 685 sicca
784 628 909 686 iuvant?

65 708 221 769 Convenit
242 725 280 768 ex
302 727 400 785 aequo
422 725 480 767 nec
501 714 607 768 torvus
628 710 723 769 Liber
744 712 776 768 in
798 709 879 787 illis,

111 792 171 867 Qui
192 810 225 851 se
247 793 361 870 quique
383 812 442 851 una
463 793 533 851 vina
552 794 656 853 iocosa
680 792 800 853 colunt:
1038 806 1073 859 20

66 876 221 935 Convenit
241 877 338 936 iratus
361 877 487 935 nimium
506 877 693 953 nimiumque
716 896 855 937 severos:

110 960 169 1033 Qui
191 960 281 1019 timet
303 960 374 1019 irati
398 961 522 1019 numina
540 980 664 1039 magna,
687 962 782 1020 bibat.

67 1041 181 1119 Quales
203 1042 252 1102 his
273 1062 389 1122 poenas
413 1042 511 1122 qualis
533 1051 724 1122 quantusque
746 1046 898 1122 minetur,

109 1124 263 1186 Cadmeae
282 1129 388 1187 matris
410 1126 525 1206 pracda
544 1135 671 1188 cruenta
692 1128 793 1188 docet.

66 1209 130 1269 Sed
149 1210 259 1289 procul
280 1231 298 1269 a
317 1212 407 1270 nobis
426 1213 477 1271 hic
499 1214 541 1271 sit
561 1214 669 1290 timor,
692 1211 823 1291 illaque,
845 1214 933 1292 siqua
953 1218 1017 1290 est,
1038 1220 1072 1273 25

110 1293 191 1368 Quid
212 1292 313 1354 valeat
331 1294 409 1354 laesi
431 1297 545 1355 sentiat
564 1298 611 1355 ira
633 1296 693 1356 dei.
984 1359 991 1371 ,

66 1375 149 1455 Quid
169 1395 284 1456 precor
304 1380 343 1438 ah
365 1378 515 1439 demens?
537 1382 621 1439 renti
644 1380 808 1440 temeraria
829 1386 913 1456 vota,

107 1462 222 1521 Aeriae
244 1469 277 1521 et
296 1463 394 1522 nubes
417 1462 593 1542 diripienda
615 1464 727 1522 ferant.

66 1546 211 1622 Quamvis
232 1544 316 1605 nulla
336 1548 397 1605 mci
420 1553 564 1625 superest
586 1548 643 1606 tibi
665 1566 755 1621 cura,
778 1547 913 1623 Neaera,

109 1630 159 1689 Sis
179 1627 272 1706 felix,
294 1637 327 1689 et
349 1632 412 1689 sint
434 1629 564 1689 candida
584 1631 648 1689 fata
670 1636 730 1689 tua.
1037 1637 1072 1691 30

64 1714 109 1773 At
130 1732 187 1773 nos
209 1732 337 1774 securae
359 1712 523 1773 reddamus
547 1720 689 1793 tempora
711 1729 850 1772 mensae:

107 1798 205 1859 Venit
226 1803 297 1876 post
315 1797 427 1857 multos
448 1818 508 1857 una
530 1816 640 1858 serena
663 1797 739 1856 dies.

64 1882 128 1941 Hei
148 1882 240 1957 mihi,
263 1880 393 1940 difficile
416 1889 464 1941 est
485 1883 599 1941 imitari
622 1881 731 1960 gaudia
752 1878 848 1955 falsa,

82 1976 89 1989 ยน
107 1964 245 2025 Difficile
268 1973 316 2025 est
337 1967 420 2025 tristi
442 1967 561 2044 fingere
581 1972 684 2024 mento
706 1966 821 2039 iocum,

63 2048 130 2110 Nec
153 2051 233 2108 bene
251 2047 391 2108 mendaci
409 2049 489 2108 risus
513 2050 706 2128 componitur
729 2065 799 2123 ore,

106 2132 173 2192 Neo
194 2134 275 2192 bene
293 2131 437 2193 sollicitis
460 2133 545 2192 ebria
566 2134 661 2191 verba
677 2136 796 2190 sonant.
882 2194 884 2198 ,

64 2215 147 2293 Quid
171 2234 285 2294 queror
306 2215 439 2275 infelix?
459 2223 567 2295 turpes
587 2213 738 2274 discedite
760 2230 865 2271 curae:

108 2298 184 2360 Odit
205 2300 345 2359 Lenaeus
367 2301 470 2359 tristia
490 2301 583 2359 verba
604 2307 702 2378 pater.

63 2385 199 2460 Gnosia,
223 2384 366 2444 Theseae
389 2383 541 2462 quondam
562 2383 699 2463 periuria
720 2379 843 2457 linguae

107 2466 239 2527 Flevisti
260 2469 365 2546 ignoto
387 2466 454 2526 sola
475 2465 586 2526 relicta
608 2467 702 2524 mari:

64 2551 118 2611 Sic
141 2552 256 2610 cecinit
276 2570 334 2629 pro
355 2560 388 2610 tc
410 2550 535 2627 doetus,
558 2550 676 2626 Minoi,
699 2543 839 2607 Catullus

108 2636 223 2712 Ingrati
240 2635 383 2694 referens
404 2635 496 2713 impia
517 2633 598 2692 facta
619 2633 687 2692 viri.

64 2718 131 2781 Vos
155 2736 212 2796 ego
232 2738 313 2778 nunc
335 2736 463 2778 moneo:
486 2717 579 2794 felix,
603 2718 777 2795 quicunque
799 2710 910 2771 dolore

107 2799 248 2861 Alterius
271 2801 372 2861 disces
394 2821 485 2880 posse
509 2819 617 2860 carere
638 2807 703 2859 tuo.

63 2886 131 2947 Nee
152 2904 205 2945 vos
228 2892 279 2944 aut
299 2887 420 2965 capiant
438 2884 607 2965 pendentia
628 2881 754 2943 brachia
776 2876 853 2938 eollo

108 2970 172 3028 Aut
192 2968 279 3029 fallat
300 2967 411 3028 blanda
432 2967 557 3028 sordida
577 2967 682 3044 lingua
702 2982 805 3043 prece.

65 3052 134 3113 Etsi
153 3071 272 3132 perque
295 3072 366 3113 suos
388 3051 483 3112 fallax
503 3052 615 3110 iuravit
636 3047 753 3108 ocellos

108 3136 316 3214 Iunonemque
340 3156 423 3195 snam
445 3153 564 3214 perque
585 3152 668 3194 suam
689 3133 865 3205 Venerem,

64 3216 159 3279 Nulla
176 3219 255 3280 fides
276 3221 386 3280 inerit:
408 3220 547 3299 periuria
568 3216 653 3277 ridet
674 3218 826 3275 amantum

109 3303 248 3383 Iuppiter
270 3310 303 3362 et
321 3310 429 3364 ventos
451 3304 541 3362 irrita
559 3303 646 3362 ferre
666 3301 763 3359 iubet.

66 3385 149 3465 Ergo
173 3386 246 3466 quid
269 3388 384 3447 totiens
406 3384 528 3447 fallacis
546 3387 641 3445 verba
661 3382 785 3463 puellae
882 3452 886 3458 ยน

109 3470 316 3551 conqueror?
337 3472 382 3530 ite
406 3492 422 3528 a
442 3488 508 3548 me,
530 3472 611 3530 seria
632 3469 743 3545 verba,
765 3459 884 3546 procul.
962 3526 967 3539 ,
