2414 3848
421 208 566 268 TIBULLI
587 208 655 268 LIB.
672 209 708 269 ll.
726 221 752 274 6.

97 378 183 439 lllius
206 376 245 437 ad
267 376 416 437 tumulum
438 377 553 455 fugium
575 376 766 456 supplexque
789 378 904 438 sedebo

138 464 180 522 Et
200 481 268 521 mea
288 481 355 521 cum
378 468 461 519 muto
483 461 546 519 iata
568 480 681 539 qucrar
704 463 820 521 cinere.

97 546 167 607 Non
186 544 271 605 feret
290 564 386 622 usque
409 564 496 603 suum
520 552 551 603 tc
574 553 704 624 propter
725 546 804 605 flere
827 546 988 605 clientem:
1067 555 1101 608 35

140 628 226 688 Illius
245 636 280 688 ut
301 630 421 705 verbis,
443 631 485 687 sis
504 630 580 687 milri
599 628 685 687 lenta
707 636 796 705 reto,

97 714 144 774 Ne
167 714 223 773 tibi
245 712 379 790 neglecti
401 714 525 771 mittant
546 712 625 771 mala
645 714 762 771 somnia
781 712 906 789 Mam,

139 796 321 875 Maestaque
343 799 461 876 sopitae
483 802 546 854 stet
567 816 655 855 soror
679 802 751 855 ante
773 804 890 873 torum,

98 880 205 957 Qualis
227 883 263 940 ab
286 880 408 940 excelsa
425 899 574 959 praeceps
597 879 724 958 delapsa
744 881 883 939 fenestra

139 965 236 1026 Venit
257 964 296 1023 ad
316 965 455 1023 infernos
477 962 711 1040 sanguinolenta
731 963 825 1023 lacus,
1067 975 1102 1026 40

97 1050 229 1125 Desino,
250 1067 290 1106 ue
313 1048 452 1106 dominae
474 1046 575 1106 luctus
598 1054 785 1106 renoventur
807 1049 925 1106 acerbi:

139 1132 210 1192 Non
229 1151 286 1209 ego
309 1151 376 1191 sum
396 1134 494 1207 tanti,
514 1130 619 1211 ploret
640 1138 675 1189 ut
696 1130 751 1190 illa
770 1130 874 1191 semel.

98 1217 162 1277 Nec
185 1215 320 1275 lacrimis
343 1215 449 1275 oculos
471 1215 561 1292 digna
583 1222 632 1274 est
654 1214 782 1274 foedare
804 1215 966 1294 loquaces:

140 1300 225 1359 Lena
244 1307 337 1359 nocet
359 1301 462 1376 nobis,
484 1301 550 1377 ipsa
570 1298 673 1378 puella
696 1301 775 1357 bona
797 1306 854 1358 est.

97 1385 183 1444 Lena
203 1390 288 1443 vetat
308 1385 453 1442 miserum
476 1383 600 1461 Phryne
623 1384 791 1460 t'urtinrquc
814 1380 945 1442 tabellas
1067 1392 1101 1442 to

141 1467 271 1527 Occulta
294 1474 421 1547 portans
441 1468 527 1544 itque
548 1467 693 1543 reditque
714 1469 797 1525 sinu:

100 1553 217 1632 Saepe,
239 1570 296 1629 ego
316 1571 384 1610 cum
407 1550 547 1609 dominae
569 1549 676 1609 dulces
699 1572 715 1609 a
736 1549 843 1609 limine
867 1549 943 1607 duro

141 1639 281 1714 Agnosco
303 1654 409 1712 voces,
430 1635 506 1693 haec
525 1641 617 1710 negat
639 1653 706 1692 esse
727 1634 824 1695 domi:

100 1721 215 1800 Saepe,
235 1721 287 1779 ubi
309 1738 369 1778 nox
389 1720 539 1798 promissa
560 1719 633 1775 milri
656 1724 720 1794 est,
742 1718 890 1794 languere
912 1714 1045 1795 puellum

141 1805 268 1864 Nuntiat
288 1809 339 1861 aut
360 1803 476 1880 aliquas
498 1803 674 1861 extimuisse
696 1803 801 1861 minas.
1068 1808 1103 1859 50

101 1887 189 1948 Tunc
211 1888 327 1946 morior
348 1889 446 1964 curis,
470 1893 542 1945 tunc
564 1904 651 1945 mens
672 1887 746 1944 milri
768 1885 891 1965 perdita
912 1885 1017 1961 tingit,

144 1973 256 2048 Quisve
276 1989 373 2030 meam
395 1977 515 2046 teneat,
540 1977 615 2046 quot
636 1976 778 2028 teneatue
800 1969 915 2028 modis:

103 2056 191 2117 Tunc
213 2056 288 2131 ribi,
308 2054 396 2129 lena,
419 2072 530 2134 precor
555 2054 654 2113 diras:
678 2055 752 2112 satis
775 2055 862 2111 anxia
878 2053 976 2125 viras,

143 2139 279 2199 Movcrit
299 2158 316 2197 c
339 2141 417 2197 rotis
440 2157 509 2216 pars
533 2144 746 2215 quotacunque
769 2136 854 2195 deos.

451 2394 721 2406 -m--n—u-——no--n
725 2396 756 2407 σοι
