<?xml version="1.0" encoding="UTF-8"?>
<!DOCTYPE html PUBLIC "-//W3C//DTD XHTML 1.0 Transitional//EN"
    "http://www.w3.org/TR/xhtml1/DTD/xhtml1-transitional.dtd">
<html xmlns="http://www.w3.org/1999/xhtml" xml:lang="en" lang="en">
 <head>
  <title>
</title>
<meta http-equiv="Content-Type" content="text/html;charset=utf-8" />
  <meta name='ocr-system' content='tesseract 3.04.00' />
  <meta name='ocr-capabilities' content='ocr_page ocr_carea ocr_par ocr_line ocrx_word'/>
</head>
<body>
  <div class='ocr_page' id='page_1' title='image "albiitibullilib02tibugoog_0127.png"; bbox 0 0 2414 3848; ppageno 0'>
   <div class='ocr_carea' id='block_1_1' title="bbox 98 186 906 266">
    <p class='ocr_par' dir='ltr' id='par_1_1' title="bbox 98 186 906 266">
     <span class='ocr_line' id='line_1_1' title="bbox 98 186 906 266; baseline -0.007 -11"><span class='ocrx_word' id='word_1_1' title='bbox 98 191 139 255; x_wconf 79' lang='lat'>42</span> <span class='ocrx_word' id='word_1_2' title='bbox 287 187 433 249; x_wconf 78' lang='lat' dir='ltr'>rinnau</span> <span class='ocrx_word' id='word_1_3' title='bbox 456 186 660 266; x_wconf 76' lang='lat' dir='ltr'>(suonam)</span> <span class='ocrx_word' id='word_1_4' title='bbox 682 186 751 249; x_wconf 81' lang='lat' dir='ltr'>un</span> <span class='ocrx_word' id='word_1_5' title='bbox 770 188 819 248; x_wconf 78' lang='grc' dir='ltr'>ιιι.</span> <span class='ocrx_word' id='word_1_6' title='bbox 836 200 862 251; x_wconf 74' lang='lat' dir='ltr'>a.</span> <span class='ocrx_word' id='word_1_7' title='bbox 878 196 906 252; x_wconf 85' lang='lat' dir='ltr'>a.</span> 
     </span>
    </p>
   </div>
   <div class='ocr_carea' id='block_1_2' title="bbox 96 353 989 1925">
    <p class='ocr_par' dir='ltr' id='par_1_2' title="bbox 96 353 989 1925">
     <span class='ocr_line' id='line_1_2' title="bbox 140 353 807 437; baseline -0.006 -19"><span class='ocrx_word' id='word_1_8' title='bbox 140 359 235 437; x_wconf 90' lang='lat' dir='ltr'>lmpia</span> <span class='ocrx_word' id='word_1_9' title='bbox 255 359 288 416; x_wconf 92' lang='lat' dir='ltr'>in</span> <span class='ocrx_word' id='word_1_10' title='bbox 311 356 456 417; x_wconf 76' lang='lat' dir='ltr'>adversos</span> <span class='ocrx_word' id='word_1_11' title='bbox 477 353 620 415; x_wconf 84' lang='lat' dir='ltr'>solvimus</span> <span class='ocrx_word' id='word_1_12' title='bbox 642 374 696 415; x_wconf 88' lang='lat' dir='ltr'>ora</span> <span class='ocrx_word' id='word_1_13' title='bbox 718 354 807 416; x_wconf 85' lang='lat' dir='ltr'>deos:</span> 
     </span>
     <span class='ocr_line' id='line_1_3' title="bbox 96 437 816 519; baseline -0.006 -16"><span class='ocrx_word' id='word_1_14' title='bbox 96 443 138 504; x_wconf 77' lang='lat' dir='ltr'>ht</span> <span class='ocrx_word' id='word_1_15' title='bbox 159 441 295 500; x_wconf 91' lang='lat' dir='ltr'>nondum</span> <span class='ocrx_word' id='word_1_16' title='bbox 314 442 381 499; x_wconf 90' lang='lat' dir='ltr'>cani</span> <span class='ocrx_word' id='word_1_17' title='bbox 402 441 508 518; x_wconf 88' lang='lat' dir='ltr'>nigros</span> <span class='ocrx_word' id='word_1_18' title='bbox 526 437 649 498; x_wconf 87' lang='lat' dir='ltr'>laesere</span> <span class='ocrx_word' id='word_1_19' title='bbox 672 438 816 519; x_wconf 80' lang='lat' dir='ltr'>capillos,</span> 
     </span>
     <span class='ocr_line' id='line_1_4' title="bbox 139 523 788 603; baseline -0.002 -19"><span class='ocrx_word' id='word_1_20' title='bbox 139 525 203 587; x_wconf 91' lang='lat' dir='ltr'>Neo</span> <span class='ocrx_word' id='word_1_21' title='bbox 222 526 306 585; x_wconf 87' lang='lat' dir='ltr'>venit</span> <span class='ocrx_word' id='word_1_22' title='bbox 327 524 416 583; x_wconf 89' lang='lat' dir='ltr'>tardo</span> <span class='ocrx_word' id='word_1_23' title='bbox 440 542 531 582; x_wconf 78' lang='lat' dir='ltr'>curva</span> <span class='ocrx_word' id='word_1_24' title='bbox 552 528 677 582; x_wconf 82' lang='lat' dir='ltr'>senecta</span> <span class='ocrx_word' id='word_1_25' title='bbox 697 523 788 603; x_wconf 92' lang='lat' dir='ltr'>pede.</span> 
     </span>
     <span class='ocr_line' id='line_1_5' title="bbox 98 604 832 688; baseline -0.003 -20"><span class='ocrx_word' id='word_1_26' title='bbox 98 608 239 670; x_wconf 78' lang='lat' dir='ltr'><strong>Natalem</strong></span> <span class='ocrx_word' id='word_1_27' title='bbox 260 610 360 688; x_wconf 88' lang='lat' dir='ltr'>primo</span> <span class='ocrx_word' id='word_1_28' title='bbox 383 613 522 667; x_wconf 89' lang='lat' dir='ltr'>nostrum</span> <span class='ocrx_word' id='word_1_29' title='bbox 543 604 651 666; x_wconf 82' lang='lat' dir='ltr'>ridere</span> <span class='ocrx_word' id='word_1_30' title='bbox 670 613 832 686; x_wconf 84' lang='lat' dir='ltr'>parentes,</span> 
     </span>
     <span class='ocr_line' id='line_1_6' title="bbox 143 688 822 771; baseline -0.004 -19"><span class='ocrx_word' id='word_1_31' title='bbox 143 693 220 752; x_wconf 92' lang='lat' dir='ltr'>Cum</span> <span class='ocrx_word' id='word_1_32' title='bbox 242 691 356 751; x_wconf 89' lang='lat' dir='ltr'>cecidit</span> <span class='ocrx_word' id='word_1_33' title='bbox 377 692 441 750; x_wconf 85' lang='lat' dir='ltr'>lato</span> <span class='ocrx_word' id='word_1_34' title='bbox 462 688 569 750; x_wconf 90' lang='lat' dir='ltr'>consul</span> <span class='ocrx_word' id='word_1_35' title='bbox 591 697 724 769; x_wconf 89' lang='lat' dir='ltr'>uterque</span> <span class='ocrx_word' id='word_1_36' title='bbox 746 693 822 771; x_wconf 86' lang='lat' dir='ltr'>pari.</span> 
     </span>
     <span class='ocr_line' id='line_1_7' title="bbox 100 775 885 852; baseline -0.001 -17"><span class='ocrx_word' id='word_1_37' title='bbox 100 775 181 852; x_wconf 80' lang='lat' dir='ltr'>Quid</span> <span class='ocrx_word' id='word_1_38' title='bbox 204 775 350 835; x_wconf 88' lang='lat' dir='ltr'>fraudare</span> <span class='ocrx_word' id='word_1_39' title='bbox 368 777 453 834; x_wconf 75' lang='lat' dir='ltr'>iurat</span> <span class='ocrx_word' id='word_1_40' title='bbox 473 776 566 833; x_wconf 87' lang='lat' dir='ltr'>vitem</span> <span class='ocrx_word' id='word_1_41' title='bbox 588 776 800 834; x_wconf 79' lang='lat' dir='ltr'>crescentibus</span> <span class='ocrx_word' id='word_1_42' title='bbox 820 776 885 834; x_wconf 87' lang='lat' dir='ltr'>uvis</span> 
     </span>
     <span class='ocr_line' id='line_1_8' title="bbox 140 856 871 937; baseline -0.004 -17"><span class='ocrx_word' id='word_1_43' title='bbox 140 860 181 921; x_wconf 86' lang='lat' dir='ltr'>Et</span> <span class='ocrx_word' id='word_1_44' title='bbox 205 859 294 919; x_wconf 93' lang='lat' dir='ltr'>modo</span> <span class='ocrx_word' id='word_1_45' title='bbox 317 865 388 917; x_wconf 89' lang='lat' dir='ltr'>nata</span> <span class='ocrx_word' id='word_1_46' title='bbox 409 857 490 918; x_wconf 86' lang='lat' dir='ltr'>mala</span> <span class='ocrx_word' id='word_1_47' title='bbox 509 856 628 917; x_wconf 80' lang='lat' dir='ltr'>vellere</span> <span class='ocrx_word' id='word_1_48' title='bbox 649 877 739 937; x_wconf 87' lang='lat' dir='ltr'>poma</span> <span class='ocrx_word' id='word_1_49' title='bbox 760 859 871 917; x_wconf 73' lang='lat' dir='ltr'>mann?</span> 
     </span>
     <span class='ocr_line' id='line_1_9' title="bbox 99 941 871 1022; baseline -0.003 -19"><span class='ocrx_word' id='word_1_50' title='bbox 99 945 240 1020; x_wconf 84' lang='lat' dir='ltr'>Parcite,</span> <span class='ocrx_word' id='word_1_51' title='bbox 262 942 416 1022; x_wconf 88' lang='lat' dir='ltr'>pallentes</span> <span class='ocrx_word' id='word_1_52' title='bbox 438 941 536 1001; x_wconf 90' lang='lat' dir='ltr'>undas</span> <span class='ocrx_word' id='word_1_53' title='bbox 560 942 734 1020; x_wconf 84' lang='lat' dir='ltr'>quicunque</span> <span class='ocrx_word' id='word_1_54' title='bbox 757 944 871 1002; x_wconf 89' lang='lat' dir='ltr'>tenetis</span> 
     </span>
     <span class='ocr_line' id='line_1_10' title="bbox 142 1024 724 1106; baseline -0.002 -20"><span class='ocrx_word' id='word_1_55' title='bbox 142 1028 288 1106; x_wconf 86' lang='lat' dir='ltr'>Duraque</span> <span class='ocrx_word' id='word_1_56' title='bbox 308 1027 412 1086; x_wconf 91' lang='lat' dir='ltr'>sortiti</span> <span class='ocrx_word' id='word_1_57' title='bbox 432 1027 526 1084; x_wconf 92' lang='lat' dir='ltr'>tertia</span> <span class='ocrx_word' id='word_1_58' title='bbox 547 1044 643 1102; x_wconf 84' lang='lat' dir='ltr'>regna</span> <span class='ocrx_word' id='word_1_59' title='bbox 665 1024 724 1085; x_wconf 91' lang='lat' dir='ltr'>dei.</span> 
     </span>
     <span class='ocr_line' id='line_1_11' title="bbox 98 1108 786 1189; baseline -0.009 -17"><span class='ocrx_word' id='word_1_60' title='bbox 98 1108 222 1189; x_wconf 86' lang='lat' dir='ltr'>Elysios</span> <span class='ocrx_word' id='word_1_61' title='bbox 245 1110 318 1170; x_wconf 92' lang='lat' dir='ltr'>olim</span> <span class='ocrx_word' id='word_1_62' title='bbox 340 1109 435 1169; x_wconf 89' lang='lat' dir='ltr'>liceat</span> <span class='ocrx_word' id='word_1_63' title='bbox 456 1128 644 1187; x_wconf 83' lang='lat' dir='ltr'>cognoscere</span> <span class='ocrx_word' id='word_1_64' title='bbox 665 1127 786 1189; x_wconf 89' lang='lat' dir='ltr'>campos</span> 
     </span>
     <span class='ocr_line' id='line_1_12' title="bbox 141 1191 875 1273; baseline -0.005 -19"><span class='ocrx_word' id='word_1_65' title='bbox 141 1194 371 1273; x_wconf 84' lang='lat' dir='ltr'>Lethaeamque</span> <span class='ocrx_word' id='word_1_66' title='bbox 392 1199 490 1253; x_wconf 89' lang='lat' dir='ltr'>ratem</span> <span class='ocrx_word' id='word_1_67' title='bbox 511 1194 757 1271; x_wconf 82' lang='lat' dir='ltr'>Cimmeriosque</span> <span class='ocrx_word' id='word_1_68' title='bbox 775 1191 875 1269; x_wconf 89' lang='lat' dir='ltr'>lacus,</span> 
     </span>
     <span class='ocr_line' id='line_1_13' title="bbox 99 1275 802 1356; baseline -0.006 -17"><span class='ocrx_word' id='word_1_69' title='bbox 99 1280 175 1339; x_wconf 94' lang='lat' dir='ltr'>Cum</span> <span class='ocrx_word' id='word_1_70' title='bbox 198 1298 265 1339; x_wconf 89' lang='lat' dir='ltr'>mea</span> <span class='ocrx_word' id='word_1_71' title='bbox 284 1297 396 1356; x_wconf 81' lang='lat' dir='ltr'>rugosa</span> <span class='ocrx_word' id='word_1_72' title='bbox 417 1275 579 1355; x_wconf 91' lang='lat' dir='ltr'>pallebunt</span> <span class='ocrx_word' id='word_1_73' title='bbox 601 1296 655 1336; x_wconf 89' lang='lat' dir='ltr'>ora</span> <span class='ocrx_word' id='word_1_74' title='bbox 677 1281 802 1336; x_wconf 87' lang='lat' dir='ltr'>senecta</span> 
     </span>
     <span class='ocr_line' id='line_1_14' title="bbox 141 1361 875 1441; baseline -0.003 -18"><span class='ocrx_word' id='word_1_75' title='bbox 141 1363 182 1422; x_wconf 79' lang='lat' dir='ltr'>nt</span> <span class='ocrx_word' id='word_1_76' title='bbox 204 1363 338 1422; x_wconf 82' lang='lat' dir='ltr'>referam</span> <span class='ocrx_word' id='word_1_77' title='bbox 359 1362 465 1441; x_wconf 89' lang='lat' dir='ltr'>pueris</span> <span class='ocrx_word' id='word_1_78' title='bbox 487 1367 626 1440; x_wconf 86' lang='lat' dir='ltr'>tempora</span> <span class='ocrx_word' id='word_1_79' title='bbox 649 1361 751 1439; x_wconf 89' lang='lat' dir='ltr'>prisca</span> <span class='ocrx_word' id='word_1_80' title='bbox 773 1378 875 1421; x_wconf 86' lang='lat' dir='ltr'>senex</span> 
     </span>
     <span class='ocr_line' id='line_1_15' title="bbox 98 1444 925 1525; baseline -0.005 -19"><span class='ocrx_word' id='word_1_81' title='bbox 98 1448 202 1525; x_wconf 88' lang='lat' dir='ltr'>Atque</span> <span class='ocrx_word' id='word_1_82' title='bbox 224 1447 340 1506; x_wconf 90' lang='lat' dir='ltr'>utinam</span> <span class='ocrx_word' id='word_1_83' title='bbox 359 1466 435 1505; x_wconf 75' lang='lat' dir='ltr'>nano</span> <span class='ocrx_word' id='word_1_84' title='bbox 457 1446 660 1524; x_wconf 89' lang='lat' dir='ltr'>nequicquam</span> <span class='ocrx_word' id='word_1_85' title='bbox 682 1451 804 1502; x_wconf 91' lang='lat' dir='ltr'>terrear</span> <span class='ocrx_word' id='word_1_86' title='bbox 825 1444 925 1504; x_wconf 89' lang='lat' dir='ltr'>aestu!</span> 
     </span>
     <span class='ocr_line' id='line_1_16' title="bbox 141 1527 929 1608; baseline -0.004 -19"><span class='ocrx_word' id='word_1_87' title='bbox 141 1530 303 1608; x_wconf 84' lang='lat' dir='ltr'>Languent</span> <span class='ocrx_word' id='word_1_88' title='bbox 323 1535 374 1589; x_wconf 93' lang='lat' dir='ltr'>ter</span> <span class='ocrx_word' id='word_1_89' title='bbox 397 1531 505 1608; x_wconf 85' lang='lat' dir='ltr'>quinos</span> <span class='ocrx_word' id='word_1_90' title='bbox 529 1528 584 1590; x_wconf 90' lang='lat' dir='ltr'>sed</span> <span class='ocrx_word' id='word_1_91' title='bbox 607 1546 674 1587; x_wconf 90' lang='lat' dir='ltr'>mea</span> <span class='ocrx_word' id='word_1_92' title='bbox 696 1530 834 1587; x_wconf 92' lang='lat' dir='ltr'>membra</span> <span class='ocrx_word' id='word_1_93' title='bbox 854 1527 929 1587; x_wconf 88' lang='lat' dir='ltr'>dies.</span> 
     </span>
     <span class='ocr_line' id='line_1_17' title="bbox 100 1609 989 1692; baseline -0.003 -19"><span class='ocrx_word' id='word_1_94' title='bbox 100 1615 142 1673; x_wconf 90' lang='lat' dir='ltr'>At</span> <span class='ocrx_word' id='word_1_95' title='bbox 164 1615 251 1673; x_wconf 83' lang='lat' dir='ltr'>vobis</span> <span class='ocrx_word' id='word_1_96' title='bbox 275 1614 395 1673; x_wconf 72' lang='lat' dir='ltr'>&#39;l&#39;useae</span> <span class='ocrx_word' id='word_1_97' title='bbox 420 1611 619 1674; x_wconf 87' lang='lat' dir='ltr'>celebrantur</span> <span class='ocrx_word' id='word_1_98' title='bbox 642 1612 765 1671; x_wconf 88' lang='lat' dir='ltr'>numina</span> <span class='ocrx_word' id='word_1_99' title='bbox 787 1609 932 1692; x_wconf 86' lang='lat' dir='ltr'>lymphae</span> <span class='ocrx_word' id='word_1_100' title='bbox 987 1640 989 1645; x_wconf 93' lang='lat'>·</span> 
     </span>
     <span class='ocr_line' id='line_1_18' title="bbox 141 1695 783 1776; baseline -0.006 -20"><span class='ocrx_word' id='word_1_101' title='bbox 141 1698 183 1757; x_wconf 78' lang='lat' dir='ltr'>nt</span> <span class='ocrx_word' id='word_1_102' title='bbox 203 1695 305 1756; x_wconf 88' lang='lat' dir='ltr'>facilis</span> <span class='ocrx_word' id='word_1_103' title='bbox 325 1697 410 1756; x_wconf 86' lang='lat' dir='ltr'>lenta</span> <span class='ocrx_word' id='word_1_104' title='bbox 431 1696 560 1776; x_wconf 90' lang='lat' dir='ltr'>pellitur</span> <span class='ocrx_word' id='word_1_105' title='bbox 581 1697 663 1757; x_wconf 90' lang='lat' dir='ltr'>unda</span> <span class='ocrx_word' id='word_1_106' title='bbox 683 1714 783 1756; x_wconf 89' lang='lat' dir='ltr'>manu.</span> 
     </span>
     <span class='ocr_line' id='line_1_19' title="bbox 100 1779 830 1857; baseline -0.003 -17"><span class='ocrx_word' id='word_1_107' title='bbox 100 1780 205 1840; x_wconf 75' lang='lat' dir='ltr'>Viuite</span> <span class='ocrx_word' id='word_1_108' title='bbox 223 1779 352 1857; x_wconf 88' lang='lat' dir='ltr'>felices,</span> <span class='ocrx_word' id='word_1_109' title='bbox 375 1798 527 1841; x_wconf 88' lang='lat' dir='ltr'>memores</span> <span class='ocrx_word' id='word_1_110' title='bbox 548 1789 580 1842; x_wconf 93' lang='lat' dir='ltr'>et</span> <span class='ocrx_word' id='word_1_111' title='bbox 597 1783 689 1841; x_wconf 86' lang='lat' dir='ltr'>vivite</span> <span class='ocrx_word' id='word_1_112' title='bbox 712 1781 830 1856; x_wconf 91' lang='lat' dir='ltr'>nostri,</span> 
     </span>
     <span class='ocr_line' id='line_1_20' title="bbox 144 1864 835 1925; baseline 0.001 -3"><span class='ocrx_word' id='word_1_113' title='bbox 144 1864 214 1922; x_wconf 83' lang='lat' dir='ltr'>Sive</span> <span class='ocrx_word' id='word_1_114' title='bbox 238 1866 351 1923; x_wconf 89' lang='lat' dir='ltr'>erimus</span> <span class='ocrx_word' id='word_1_115' title='bbox 375 1882 429 1922; x_wconf 90' lang='lat' dir='ltr'>sen</span> <span class='ocrx_word' id='word_1_116' title='bbox 450 1884 506 1924; x_wconf 90' lang='lat' dir='ltr'>nos</span> <span class='ocrx_word' id='word_1_117' title='bbox 528 1867 591 1924; x_wconf 85' lang='lat' dir='ltr'>fata</span> <span class='ocrx_word' id='word_1_118' title='bbox 612 1866 707 1924; x_wconf 85' lang='lat' dir='ltr'>fuisse</span> <span class='ocrx_word' id='word_1_119' title='bbox 730 1865 835 1925; x_wconf 74' lang='lat' dir='ltr'>uelint.</span> 
     </span>
    </p>
   </div>
   <div class='ocr_carea' id='block_1_3' title="bbox 93 1938 784 2109">
    <p class='ocr_par' dir='ltr' id='par_1_3' title="bbox 93 1938 784 2109">
     <span class='ocr_line' id='line_1_21' title="bbox 93 1938 784 2028; baseline 0.003 -23"><span class='ocrx_word' id='word_1_120' title='bbox 93 1938 223 2007; x_wconf 66' lang='lat' dir='ltr'>&#39;Interea</span> <span class='ocrx_word' id='word_1_121' title='bbox 243 1949 346 2026; x_wconf 85' lang='lat' dir='ltr'>nigras</span> <span class='ocrx_word' id='word_1_122' title='bbox 368 1946 504 2026; x_wconf 89' lang='lat' dir='ltr'>pecudes</span> <span class='ocrx_word' id='word_1_123' title='bbox 523 1949 697 2028; x_wconf 88' lang='lat' dir='ltr'>promittite</span> <span class='ocrx_word' id='word_1_124' title='bbox 720 1949 784 2008; x_wconf 85' lang='lat' dir='ltr'>lliti</span> 
     </span>
     <span class='ocr_line' id='line_1_22' title="bbox 142 2030 756 2109; baseline 0.005 -20"><span class='ocrx_word' id='word_1_125' title='bbox 142 2031 183 2090; x_wconf 85' lang='lat' dir='ltr'>Et</span> <span class='ocrx_word' id='word_1_126' title='bbox 203 2032 285 2090; x_wconf 85' lang='lat' dir='ltr'>nivei</span> <span class='ocrx_word' id='word_1_127' title='bbox 306 2030 396 2090; x_wconf 88' lang='lat' dir='ltr'>lactis</span> <span class='ocrx_word' id='word_1_128' title='bbox 417 2031 528 2109; x_wconf 91' lang='lat' dir='ltr'>pocula</span> <span class='ocrx_word' id='word_1_129' title='bbox 547 2035 639 2093; x_wconf 84' lang='lat' dir='ltr'>mixta</span> <span class='ocrx_word' id='word_1_130' title='bbox 660 2050 756 2092; x_wconf 88' lang='lat' dir='ltr'>mero.</span> 
     </span>
    </p>
   </div>
   <div class='ocr_carea' id='block_1_4' title="bbox 566 2246 625 2310">
    <p class='ocr_par' dir='ltr' id='par_1_4' title="bbox 566 2246 625 2310">
     <span class='ocr_line' id='line_1_23' title="bbox 566 2246 625 2310; baseline -0.017 0"><span class='ocrx_word' id='word_1_131' title='bbox 566 2246 625 2310; x_wconf 89' lang='lat' dir='ltr'>VI.</span> 
     </span>
    </p>
   </div>
   <div class='ocr_carea' id='block_1_5' title="bbox 101 2329 1109 3530">
    <p class='ocr_par' dir='ltr' id='par_1_5' title="bbox 101 2329 1109 3530">
     <span class='ocr_line' id='line_1_24' title="bbox 102 2329 931 2443; baseline 0.007 -24"><span class='ocrx_word' id='word_1_132' title='bbox 102 2329 245 2421; x_wconf 78' lang='lat' dir='ltr'>Candida</span> <span class='ocrx_word' id='word_1_133' title='bbox 266 2362 377 2440; x_wconf 89' lang='lat' dir='ltr'>Liber,</span> <span class='ocrx_word' id='word_1_134' title='bbox 400 2360 472 2420; x_wconf 92' lang='lat' dir='ltr'>ades</span> <span class='ocrx_word' id='word_1_135' title='bbox 493 2361 552 2438; x_wconf 87' lang='lat' dir='ltr'>(sic</span> <span class='ocrx_word' id='word_1_136' title='bbox 570 2363 611 2421; x_wconf 89' lang='lat' dir='ltr'>sit</span> <span class='ocrx_word' id='word_1_137' title='bbox 632 2365 688 2422; x_wconf 90' lang='lat' dir='ltr'>tibi</span> <span class='ocrx_word' id='word_1_138' title='bbox 712 2366 840 2443; x_wconf 87' lang='lat' dir='ltr'>mystica</span> <span class='ocrx_word' id='word_1_139' title='bbox 861 2366 931 2426; x_wconf 81' lang='lat' dir='ltr'>uitis</span> 
     </span>
     <span class='ocr_line' id='line_1_25' title="bbox 144 2444 919 2527; baseline 0.006 -23"><span class='ocrx_word' id='word_1_140' title='bbox 144 2446 291 2524; x_wconf 86' lang='lat' dir='ltr'>Semper,</span> <span class='ocrx_word' id='word_1_141' title='bbox 315 2447 358 2505; x_wconf 92' lang='lat' dir='ltr'>sic</span> <span class='ocrx_word' id='word_1_142' title='bbox 380 2444 497 2504; x_wconf 89' lang='lat' dir='ltr'>hedera</span> <span class='ocrx_word' id='word_1_143' title='bbox 520 2452 660 2525; x_wconf 89' lang='lat' dir='ltr'>tempora</span> <span class='ocrx_word' id='word_1_144' title='bbox 681 2449 782 2507; x_wconf 88' lang='lat' dir='ltr'>vincta</span> <span class='ocrx_word' id='word_1_145' title='bbox 803 2448 919 2527; x_wconf 83' lang='lat' dir='ltr'>ieras),</span> 
     </span>
     <span class='ocr_line' id='line_1_26' title="bbox 102 2529 981 2608; baseline 0.005 -18"><span class='ocrx_word' id='word_1_146' title='bbox 102 2530 200 2591; x_wconf 86' lang='lat' dir='ltr'>Aufer</span> <span class='ocrx_word' id='word_1_147' title='bbox 223 2530 340 2608; x_wconf 87' lang='lat' dir='ltr'>etipse</span> <span class='ocrx_word' id='word_1_148' title='bbox 363 2548 462 2588; x_wconf 92' lang='lat' dir='ltr'>meum</span> <span class='ocrx_word' id='word_1_149' title='bbox 481 2530 600 2608; x_wconf 88' lang='lat' dir='ltr'>pariter</span> <span class='ocrx_word' id='word_1_150' title='bbox 621 2529 802 2591; x_wconf 89' lang='lat' dir='ltr'>medicando</span> <span class='ocrx_word' id='word_1_151' title='bbox 826 2532 981 2594; x_wconf 91' lang='lat' dir='ltr'>dolorem·</span> 
     </span>
     <span class='ocr_line' id='line_1_27' title="bbox 145 2612 840 2691; baseline 0.006 -20"><span class='ocrx_word' id='word_1_152' title='bbox 145 2614 245 2691; x_wconf 85' lang='lat' dir='ltr'>Saepe</span> <span class='ocrx_word' id='word_1_153' title='bbox 266 2617 319 2671; x_wconf 91' lang='lat' dir='ltr'>tuo</span> <span class='ocrx_word' id='word_1_154' title='bbox 342 2612 456 2672; x_wconf 88' lang='lat' dir='ltr'>cecidit</span> <span class='ocrx_word' id='word_1_155' title='bbox 478 2630 605 2672; x_wconf 88' lang='lat' dir='ltr'>munere</span> <span class='ocrx_word' id='word_1_156' title='bbox 627 2616 725 2674; x_wconf 84' lang='lat' dir='ltr'>victus</span> <span class='ocrx_word' id='word_1_157' title='bbox 748 2635 840 2675; x_wconf 88' lang='lat' dir='ltr'>arnor.</span> 
     </span>
     <span class='ocr_line' id='line_1_28' title="bbox 104 2695 1106 2781; baseline 0.011 -25"><span class='ocrx_word' id='word_1_158' title='bbox 104 2699 182 2757; x_wconf 83' lang='lat' dir='ltr'>Care</span> <span class='ocrx_word' id='word_1_159' title='bbox 203 2714 296 2775; x_wconf 91' lang='lat' dir='ltr'>puer,</span> <span class='ocrx_word' id='word_1_160' title='bbox 319 2695 462 2755; x_wconf 87' lang='lat' dir='ltr'>madeant</span> <span class='ocrx_word' id='word_1_161' title='bbox 484 2715 634 2773; x_wconf 84' lang='lat' dir='ltr'>generoso</span> <span class='ocrx_word' id='word_1_162' title='bbox 659 2696 771 2776; x_wconf 89' lang='lat' dir='ltr'>pocula</span> <span class='ocrx_word' id='word_1_163' title='bbox 791 2700 929 2781; x_wconf 88' lang='lat' dir='ltr'>Baccho,</span> <span class='ocrx_word' id='word_1_164' title='bbox 1089 2715 1106 2767; x_wconf 78' lang='lat'><strong>5</strong></span> 
     </span>
     <span class='ocr_line' id='line_1_29' title="bbox 143 2778 807 2858; baseline 0.005 -19"><span class='ocrx_word' id='word_1_165' title='bbox 143 2780 184 2839; x_wconf 83' lang='lat' dir='ltr'>Et</span> <span class='ocrx_word' id='word_1_166' title='bbox 205 2780 294 2838; x_wconf 92' lang='lat' dir='ltr'>nobis</span> <span class='ocrx_word' id='word_1_167' title='bbox 315 2798 413 2858; x_wconf 89' lang='lat' dir='ltr'>prona</span> <span class='ocrx_word' id='word_1_168' title='bbox 435 2778 531 2839; x_wconf 83' lang='lat' dir='ltr'>funde</span> <span class='ocrx_word' id='word_1_169' title='bbox 553 2778 686 2839; x_wconf 83' lang='lat' dir='ltr'>Falerna</span> <span class='ocrx_word' id='word_1_170' title='bbox 709 2802 807 2842; x_wconf 88' lang='lat' dir='ltr'>manu.</span> 
     </span>
     <span class='ocr_line' id='line_1_30' title="bbox 101 2860 880 2942; baseline 0.005 -19"><span class='ocrx_word' id='word_1_171' title='bbox 101 2866 147 2924; x_wconf 88' lang='lat' dir='ltr'>lte</span> <span class='ocrx_word' id='word_1_172' title='bbox 166 2860 275 2942; x_wconf 89' lang='lat' dir='ltr'>procul</span> <span class='ocrx_word' id='word_1_173' title='bbox 298 2861 405 2923; x_wconf 89' lang='lat' dir='ltr'>durum</span> <span class='ocrx_word' id='word_1_174' title='bbox 429 2882 520 2923; x_wconf 88' lang='lat' dir='ltr'>curae</span> <span class='ocrx_word' id='word_1_175' title='bbox 542 2881 655 2940; x_wconf 86' lang='lat' dir='ltr'>genus,</span> <span class='ocrx_word' id='word_1_176' title='bbox 677 2868 721 2925; x_wconf 92' lang='lat' dir='ltr'>ite</span> <span class='ocrx_word' id='word_1_177' title='bbox 742 2865 880 2927; x_wconf 89' lang='lat' dir='ltr'>labores:</span> 
     </span>
     <span class='ocr_line' id='line_1_31' title="bbox 143 2944 749 3011; baseline 0.007 -5"><span class='ocrx_word' id='word_1_178' title='bbox 143 2944 282 3006; x_wconf 86' lang='lat' dir='ltr'>Fulserit</span> <span class='ocrx_word' id='word_1_179' title='bbox 303 2947 354 3005; x_wconf 89' lang='lat' dir='ltr'>hic</span> <span class='ocrx_word' id='word_1_180' title='bbox 373 2948 470 3006; x_wconf 86' lang='lat' dir='ltr'>niveis</span> <span class='ocrx_word' id='word_1_181' title='bbox 489 2946 596 3006; x_wconf 88' lang='lat' dir='ltr'>Delius</span> <span class='ocrx_word' id='word_1_182' title='bbox 619 2945 749 3011; x_wconf 84' lang='lat' dir='ltr'>alitibus.</span> 
     </span>
     <span class='ocr_line' id='line_1_32' title="bbox 102 3028 867 3111; baseline 0 -18"><span class='ocrx_word' id='word_1_183' title='bbox 102 3032 167 3093; x_wconf 87' lang='lat' dir='ltr'>Vos</span> <span class='ocrx_word' id='word_1_184' title='bbox 188 3028 278 3088; x_wconf 92' lang='lat' dir='ltr'>modo</span> <span class='ocrx_word' id='word_1_185' title='bbox 300 3032 459 3110; x_wconf 89' lang='lat' dir='ltr'>proposito</span> <span class='ocrx_word' id='word_1_186' title='bbox 482 3028 589 3090; x_wconf 88' lang='lat' dir='ltr'>dulces</span> <span class='ocrx_word' id='word_1_187' title='bbox 610 3032 738 3092; x_wconf 83' lang='lat' dir='ltr'>faveatis</span> <span class='ocrx_word' id='word_1_188' title='bbox 760 3034 867 3111; x_wconf 87' lang='lat' dir='ltr'>amici,</span> 
     </span>
     <span class='ocr_line' id='line_1_33' title="bbox 145 3114 1109 3194; baseline 0.01 -22"><span class='ocrx_word' id='word_1_189' title='bbox 145 3114 229 3173; x_wconf 85' lang='lat' dir='ltr'>Neve</span> <span class='ocrx_word' id='word_1_190' title='bbox 252 3119 347 3191; x_wconf 83' lang='lat' dir='ltr'>neget</span> <span class='ocrx_word' id='word_1_191' title='bbox 370 3117 528 3194; x_wconf 91' lang='lat' dir='ltr'>quisquam</span> <span class='ocrx_word' id='word_1_192' title='bbox 550 3134 599 3174; x_wconf 93' lang='lat' dir='ltr'>me</span> <span class='ocrx_word' id='word_1_193' title='bbox 621 3114 699 3174; x_wconf 91' lang='lat' dir='ltr'>duce</span> <span class='ocrx_word' id='word_1_194' title='bbox 719 3136 752 3176; x_wconf 94' lang='lat' dir='ltr'>se</span> <span class='ocrx_word' id='word_1_195' title='bbox 775 3119 933 3178; x_wconf 90' lang='lat' dir='ltr'>comitem:</span> <span class='ocrx_word' id='word_1_196' title='bbox 1076 3129 1109 3182; x_wconf 87' lang='lat' dir='ltr'>lo</span> 
     </span>
     <span class='ocr_line' id='line_1_34' title="bbox 106 3199 823 3276; baseline 0.007 -20"><span class='ocrx_word' id='word_1_197' title='bbox 106 3200 166 3257; x_wconf 83' lang='lat' dir='ltr'>Aut</span> <span class='ocrx_word' id='word_1_198' title='bbox 187 3199 213 3255; x_wconf 89' lang='lat' dir='ltr'>si</span> <span class='ocrx_word' id='word_1_199' title='bbox 234 3199 300 3275; x_wconf 90' lang='lat' dir='ltr'>quis</span> <span class='ocrx_word' id='word_1_200' title='bbox 323 3199 384 3256; x_wconf 85' lang='lat' dir='ltr'>vini</span> <span class='ocrx_word' id='word_1_201' title='bbox 410 3205 565 3258; x_wconf 86' lang='lat' dir='ltr'>certamen</span> <span class='ocrx_word' id='word_1_202' title='bbox 589 3199 663 3258; x_wconf 90' lang='lat' dir='ltr'>mite</span> <span class='ocrx_word' id='word_1_203' title='bbox 684 3208 823 3276; x_wconf 85' lang='lat' dir='ltr'>recusat,</span> 
     </span>
     <span class='ocr_line' id='line_1_35' title="bbox 145 3278 766 3361; baseline 0.003 -21"><span class='ocrx_word' id='word_1_204' title='bbox 145 3278 247 3340; x_wconf 82' lang='lat' dir='ltr'>Fallat</span> <span class='ocrx_word' id='word_1_205' title='bbox 269 3299 337 3340; x_wconf 93' lang='lat' dir='ltr'>eum</span> <span class='ocrx_word' id='word_1_206' title='bbox 360 3288 444 3341; x_wconf 93' lang='lat' dir='ltr'>tecto</span> <span class='ocrx_word' id='word_1_207' title='bbox 468 3302 537 3340; x_wconf 88' lang='lat' dir='ltr'>cara</span> <span class='ocrx_word' id='word_1_208' title='bbox 558 3281 662 3361; x_wconf 85' lang='lat' dir='ltr'>puella</span> <span class='ocrx_word' id='word_1_209' title='bbox 683 3282 766 3343; x_wconf 86' lang='lat' dir='ltr'>dolo.</span> 
     </span>
     <span class='ocr_line' id='line_1_36' title="bbox 105 3362 847 3441; baseline 0.004 -17"><span class='ocrx_word' id='word_1_210' title='bbox 105 3362 161 3424; x_wconf 92' lang='lat' dir='ltr'>llle</span> <span class='ocrx_word' id='word_1_211' title='bbox 182 3365 258 3424; x_wconf 89' lang='lat' dir='ltr'>facit</span> <span class='ocrx_word' id='word_1_212' title='bbox 279 3363 359 3424; x_wconf 91' lang='lat' dir='ltr'>dites</span> <span class='ocrx_word' id='word_1_213' title='bbox 382 3366 497 3425; x_wconf 92' lang='lat' dir='ltr'>animos</span> <span class='ocrx_word' id='word_1_214' title='bbox 519 3363 611 3441; x_wconf 90' lang='lat' dir='ltr'>deus,</span> <span class='ocrx_word' id='word_1_215' title='bbox 632 3365 689 3425; x_wconf 90' lang='lat' dir='ltr'>ille</span> <span class='ocrx_word' id='word_1_216' title='bbox 710 3368 847 3427; x_wconf 86' lang='lat' dir='ltr'>ferocem</span> 
     </span>
     <span class='ocr_line' id='line_1_37' title="bbox 148 3446 868 3530; baseline 0.006 -23"><span class='ocrx_word' id='word_1_217' title='bbox 148 3446 297 3507; x_wconf 81' lang='lat' dir='ltr'>Contudit</span> <span class='ocrx_word' id='word_1_218' title='bbox 318 3454 350 3506; x_wconf 89' lang='lat' dir='ltr'>et</span> <span class='ocrx_word' id='word_1_219' title='bbox 373 3449 514 3508; x_wconf 87' lang='lat' dir='ltr'>dominae</span> <span class='ocrx_word' id='word_1_220' title='bbox 535 3451 619 3509; x_wconf 91' lang='lat' dir='ltr'>misit</span> <span class='ocrx_word' id='word_1_221' title='bbox 639 3450 671 3508; x_wconf 90' lang='lat' dir='ltr'>in</span> <span class='ocrx_word' id='word_1_222' title='bbox 692 3453 868 3530; x_wconf 89' lang='lat' dir='ltr'>arbitrium,</span> 
     </span>
    </p>
   </div>
   <div class='ocr_carea' id='block_1_6' title="bbox 0 0 1217 3848">
    <p class='ocr_par' dir='ltr' id='par_1_6' title="bbox 0 0 1217 3848">
     <span class='ocr_line' id='line_1_38' title="bbox 0 0 1217 3848; baseline 0 0"><span class='ocrx_word' id='word_1_223' title='bbox 0 0 1217 3848; x_wconf 95' lang='lat' dir='ltr'> </span> 
     </span>
    </p>
   </div>
  </div>
 </body>
</html>
