2414 3848
154 168 194 231 48
482 166 626 226 'i'lBULLl
648 166 715 226 LlB.
733 167 782 226 IV.
802 181 825 230 l.

195 339 237 397 At
257 356 319 396 non
338 355 396 416 per
419 332 525 395 dubias
548 341 655 394 errant
676 354 743 395 mea
762 338 896 395 earmina
915 335 1043 398 laudes:

152 420 228 481 Nam
247 418 338 480 bellis
361 425 488 498 experta
510 437 593 478 cano.
617 418 707 478 testis
728 419 803 478 mibi
824 421 925 479 vietae

151 502 257 565 Fortia
279 503 423 583 Iapydiae
446 501 550 578 miles,
572 503 662 561 testis
685 522 807 581 quoque
829 501 924 564 fallax

151 588 343 665 Pannonius,
364 585 481 665 gelidas
501 586 614 665 passim
637 585 783 646 disiectus
804 589 837 646 in
859 586 957 668 Alpes

153 672 258 731 Testis
279 671 426 751 Arupinis
448 678 480 729 et
501 688 618 749 pauper
641 677 729 729 natus
751 672 783 729 in
807 672 912 742 armis,
1110 686 1153 738 110

153 757 249 831 Quem
272 756 299 813 si
323 756 390 834 quis
411 754 514 813 videat
536 761 623 812 vetus
642 759 676 813 ut
698 774 759 813 non
781 755 913 832 fregerit
934 763 1034 836 aetas,

153 840 258 899 'l'erna
277 839 375 898 minus
397 837 504 917 Pyliae
525 839 654 898 miretur
677 837 799 898 saecula
819 839 926 900 famae.

152 924 285 984 Centum
306 921 455 982 fecundos
479 922 572 981 Titan
591 924 787 982 renovaverit
808 942 919 1000 annos,

151 1008 220 1086 lpse
240 1014 342 1066 tamen
364 1007 453 1066 velox
474 1004 610 1065 celerem
633 1025 726 1085 snper
748 1006 844 1068 edere
866 1026 978 1087 corpus

152 1089 274 1150 Gaudet
296 1109 405 1169 equum
428 1089 599 1169 validisque
619 1089 708 1150 sedet
727 1089 905 1151 moderator
924 1093 1066 1153 habenis.
1112 1104 1158 1156 115

153 1174 200 1233 Te
223 1174 302 1234 duee
324 1193 386 1233 non
409 1172 483 1234 alias
504 1193 670 1234 conversus
692 1181 781 1253 terga
802 1172 943 1234 domator

150 1259 264 1318 Libera
285 1258 439 1318 Romanae
460 1259 592 1318 subiecit
613 1257 694 1317 eolla
717 1265 853 1318 catenae.

192 1342 257 1401 Nee
278 1349 380 1401 tamen
402 1343 449 1401 his
473 1348 636 1401 contentus
659 1344 737 1401 eris:
759 1344 874 1402 maiora
896 1345 1033 1422 peractis

150 1426 284 1502 instant,
307 1433 498 1505 compertum
520 1432 568 1485 est
585 1427 745 1486 veracibus
766 1434 801 1487 ut
821 1427 897 1486 mihi
918 1428 1032 1505 signis,

151 1510 225 1585 Quis
248 1511 469 1589 Amythaonius
491 1516 626 1588 nequeat
648 1516 770 1569 certare
791 1509 974 1590 Melampus.
1113 1521 1162 1575 120

149 1594 225 1652 Nam
247 1593 337 1653 modo
360 1593 531 1671 fulgentem
553 1594 650 1672 'l'yrio
672 1596 865 1672 subtegmine
887 1600 1006 1654 vestem

150 1677 296 1737 indueras
321 1679 441 1737 oriente
464 1677 514 1738 die
533 1677 611 1737 duce
630 1677 745 1738 fertilis
768 1680 855 1754 anni,

151 1759 352 1840 Splendidior
373 1759 499 1838 liquidis
521 1782 588 1821 cum
610 1760 664 1821 Sol
687 1770 777 1841 capnt
799 1760 909 1837 extulit
929 1761 1020 1822 undis

149 1846 190 1905 Et
208 1845 276 1903 fera
296 1843 454 1904 discordes
476 1851 643 1905 tenuerunt
664 1847 785 1905 flamina
804 1846 906 1922 venti,

151 1929 250 1988 Curva
271 1947 330 1987 nee
352 1935 490 1989 assuetos
513 1936 644 2006 egerunt
664 1931 790 1989 flumina
814 1948 937 2007 cursus,
1112 1942 1160 1995 125

150 2014 232 2088 Quin
253 2012 393 2092 rapidum
414 2011 543 2093 placidis
567 2015 658 2072 etiam
680 2032 763 2074 mare
786 2014 926 2074 constitit
949 2014 1056 2092 undis,

149 2095 241 2155 Nulla
262 2116 321 2156 nee
343 2098 442 2156 aeria·
464 2098 597 2157 volueris
619 2095 794 2176 perlabitur
815 2116 903 2156 auras

149 2180 215 2239 Nee
239 2181 414 2259 quadrupes
437 2180 548 2240 densas
571 2181 747 2261 depascitur
770 2201 878 2260 aspera
901 2179 1010 2260 silvas,

150 2265 231 2339 Quin
251 2263 363 2342 largita
385 2265 447 2323 tuis
469 2270 541 2323 snnt
562 2272 644 2324 muta
666 2264 790 2324 silentia
811 2265 899 2323 votis.

148 2348 287 2428 luppiter
310 2351 377 2428 ipse
398 2347 460 2407 levi
482 2355 588 2408 vectus
611 2350 792 2427 perinanis
814 2368 906 2408 curru
1107 2360 1158 2413 130

148 2433 248 2491 Affnit
270 2438 302 2491 et
323 2430 410 2491 eaelo
433 2434 564 2492 vieinum
585 2431 679 2510 liquit
701 2431 864 2511 Olympum

148 2516 330 2592 intentaque
351 2517 412 2575 tuis
433 2518 578 2595 precibus
600 2535 633 2575 se
654 2517 798 2596 praebuit
819 2533 892 2574 anre

150 2601 328 2679 Cunctaque
348 2602 450 2659 veraci
472 2602 572 2680 eapite
595 2602 715 2659 annuit:
738 2599 859 2659 additus
883 2601 943 2659 aris

148 2684 274 2743 Laetior
294 2683 391 2743 eluxit
412 2690 545 2743 structos
568 2704 660 2764 super
682 2685 761 2762 ignis
783 2702 918 2742 acervos.

191 2770 271 2844 Quin
293 2769 439 2827 hortante
462 2767 520 2828 deo
544 2770 660 2846 magnis
682 2769 827 2826 insistere
850 2769 943 2826 rebus
1107 2777 1158 2832 135

150 2851 270 2931 Incipe:
290 2872 352 2911 non
374 2850 456 2909 idem
479 2853 536 2910 tibi
558 2854 620 2911 sint
642 2850 772 2930 aliisque
794 2852 951 2930 triumphi.

148 2935 218 2995 Non
239 2942 271 2994 te
292 2936 392 2995 vicino
415 2937 622 2996 remorabitur
645 2937 733 2995 obvia
753 2936 857 2995 Marte

149 3018 250 3080 Gallia
270 3038 329 3078 nee
350 3018 422 3079 latis
445 3018 540 3079 audax
562 3019 709 3101 Hispania
730 3021 824 3079 terris

149 3104 213 3163 Nee
233 3103 301 3163 fera
322 3103 466 3163 Theraeo
486 3102 580 3164 tellus
604 3107 727 3163 obsessa
749 3102 875 3179 colono,

149 3187 213 3246 Nee
236 3207 294 3265 qua
311 3185 362 3246 vel
385 3186 472 3246 Nilus
494 3186 544 3247 vel
566 3191 651 3266 regia
671 3186 797 3267 lympha
820 3186 977 3266 Choaspes
1106 3195 1157 3248 140

148 3270 281 3330 Proflnit
302 3278 353 3330 aut
375 3271 516 3352 rapidus,
539 3272 613 3351 Gyri
636 3270 806 3348 dementia,
828 3269 955 3348 Gyndes

149 3355 227 3413 Aret
249 3355 391 3415 Areeteis
412 3354 494 3414 baud
514 3375 574 3415 una
593 3374 651 3435 per
671 3358 749 3415 ostia
771 3356 899 3435 eampis,

147 3438 213 3497 Nee
237 3458 295 3517 qua
317 3456 413 3518 regna
434 3458 510 3519 vago
534 3439 680 3519 Tomyris
700 3442 800 3499 finivit
823 3440 940 3506 Araxe,
