2414 3848
308 193 460 257 ruuuu
482 193 615 258 ua1v.
633 203 658 258 ι.
674 203 702 258 a.
718 204 745 259 o.
763 206 803 258 ιο.

466 396 650 450 SULPIOIA.

525 557 602 620 VII.
665 576 669 582 ·

56 644 202 740 'landem
223 674 309 736 veuit
329 694 429 752 amor,
451 673 571 753 qualem
593 676 705 735 texisse
729 673 841 756 pudori

102 761 197 836 Quam
217 758 350 819 nudasse
370 756 463 818 alicui
485 759 526 818 sit
549 759 624 819 mihi
644 759 724 819 fama
745 761 850 839 magis.

21 880 23 883 v
56 848 192 907 Exorata
212 845 290 904 meis
310 841 399 903 illum
421 842 579 923 cytherea
603 844 745 905 Camenis

100 927 215 989 Attulit
236 930 269 989 in
291 933 430 987 nostrum
452 924 657 1008 deposuitque
679 929 788 989 sinum.

56 1010 181 1074 Exolvit
202 1012 352 1093 promissa
373 1010 496 1073 Venus:
515 1030 583 1073 mea
604 1009 713 1091 gaudia
734 1018 857 1088 narret,

101 1096 230 1156 Dicetur
253 1097 349 1175 siquis
371 1115 434 1155 non
452 1096 597 1157 habuisse
620 1116 682 1157 sua.

56 1179 127 1240 Nou
150 1199 207 1258 ego
229 1181 357 1259 signatis
379 1181 541 1259 quicquam
562 1178 709 1241 mandare
729 1177 871 1259 tabellio,
972 1201 975 1206 ·

52 1268 55 1273 ’
100 1265 147 1324 Ne
166 1263 252 1342 legat
272 1262 306 1323 id
327 1282 417 1324 nemo
443 1284 531 1343 quam
552 1283 638 1326 meus
661 1269 748 1343 aute,
770 1262 880 1343 velim,

58 1346 122 1408 Sed
140 1366 285 1428 peccasse
306 1349 405 1426 iuvat,
426 1347 528 1409 vultus
549 1365 735 1430 componere
756 1349 855 1409 famae

102 1430 238 1492 Taedet:
259 1451 327 1492 cum
347 1431 440 1510 dIgno
463 1431 555 1512 digna
576 1434 673 1494 fuisse
694 1432 788 1495 ferar.
1035 1442 1068 1495 10

514 1647 610 1711 VIII.

58 1735 180 1827 lavissu
202 1764 312 1824 natalis
337 1762 441 1844 adest,
464 1764 517 1843 qui
535 1781 610 1825 rure
630 1762 762 1826 molesto

102 1850 144 1908 Et
166 1850 233 1908 sine
257 1848 407 1910 cerintho
429 1847 529 1909 tristia
550 1845 686 1926 agendus
710 1850 781 1909 erit.

59 1931 187 1993 Dulcius
210 1933 287 1993 urbe
310 1931 384 2011 quid
407 1932 479 1993 est?
500 1951 539 1991 au
556 1930 629 1992 villa
651 1934 692 1994 sit
713 1940 784 2013 apta
804 1931 928 2013 puellae

102 2017 206 2095 Atque
227 2017 376 2076 Arretino
399 2014 530 2095 frigidus
553 2017 649 2075 amuis
672 2017 768 2094 agro?

59 2103 137 2178 lam,
159 2102 285 2161 nimium
307 2098 444 2160 Messala
464 2099 526 2157 mei
545 2098 699 2177 studiose,
723 2102 877 2179 quiescas,
1051 2110 1068 2164 t

103 2185 171 2244 Non
192 2183 394 2263 tempestivae
416 2198 509 2261 saepe
530 2183 705 2262 propiuque
727 2186 803 2244 viae.

60 2270 120 2328 llic
144 2269 275 2328 animum
297 2284 466 2346 sensusque
488 2283 574 2325 meos
593 2264 724 2327 abducta
742 2268 901 2350 relinquo,

103 2353 242 2412 Arbitrio
266 2352 408 2430 quoniam
429 2369 492 2410 non
514 2350 589 2410 ainis
610 2367 679 2410 esse
697 2371 775 2414 meo.

536 2599 598 2662 IX.

62 2683 136 2777 Scis
159 2716 222 2775 iter
244 2733 281 2773 ex
303 2715 403 2774 auimo
425 2711 578 2776 sublatum
595 2716 688 2776 triste
709 2715 854 2796 puellae?

104 2796 207 2858 Natali
227 2798 342 2858 Romae
363 2801 423 2858 iam
446 2796 523 2859 licet
543 2817 612 2861 csse
630 2807 694 2861 tuo.

62 2883 213 2944 Omnibus
234 2878 292 2942 illc
312 2880 381 2942 ¹dles
401 2883 491 2944 nobis
514 2882 625 2945 natalis
648 2889 769 2963 agatur,

104 2967 164 3042 Qui
184 2983 244 3025 nec
267 2966 404 3045 opiuanti
424 2984 506 3027 nuuc
527 2967 586 3028 tibl
607 2967 691 3028 forte
710 2971 804 3029 venit.

463 3092 674 3102 ——-.-—-..—

546 3183 590 3245 X.

63 3269 194 3362 Gratum
214 3304 277 3377 est,
299 3317 426 3360 securus
447 3297 576 3359 multum
599 3299 681 3379 quod
701 3302 761 3361 iam
781 3305 839 3364 tibi
861 3302 900 3363 de
921 3320 970 3362 me

105 3382 282 3460 PermIttis,
304 3384 405 3443 subito
427 3401 468 3444 ue
489 3382 570 3443 male
591 3384 698 3465 inepta
718 3385 832 3448 cadam.

62 3469 109 3529 stt
131 3466 189 3525 tibi
211 3484 284 3526 cura
305 3473 396 3544 togae
415 3468 521 3547 potior
541 3484 744 3548 pressumque
