2414 3848
444 156 589 217 TlBULLl
610 157 678 217 LlB.
695 158 730 218 ll.
748 172 773 222 5.

146 325 257 386 Omine
281 344 340 402 quo
362 323 437 384 felix
460 330 492 384 et
512 343 599 385 sacer
623 344 718 384 annus
741 328 809 387 erit.

101 409 220 469 Laurus
241 408 294 467 ubi
316 409 396 467 bona
418 409 503 485 signa
525 406 628 485 dedit,
652 409 783 485 gandete
805 408 923 469 coloni:

144 490 311 551 Distendet
334 492 425 570 spicis
445 492 558 550 lrorrea
578 490 671 570 plena
694 493 807 569 Ceres,

102 575 225 649 Oblitus
249 580 282 634 et
302 580 400 641 musto
421 574 516 634 feriet
536 573 617 654 pede
639 576 772 635 rusticus
792 596 879 654 nvos,

145 656 236 719 Dolia
258 657 329 716 dum
350 658 450 736 magni
473 656 678 736 deficiantque
699 657 793 718 lacus.

103 743 149 802 Ac
170 739 308 801 madidus
327 741 448 800 Baccho
471 760 523 800 sua
544 742 624 803 festa
645 739 756 815 Palilia
779 747 884 820 pastor

146 826 313 886 concinet:
335 845 351 883 a
371 823 498 883 stabulis
519 831 592 885 tune
611 823 720 904 procul
742 832 809 885 este
831 823 905 904 lupi.

103 908 159 971 llle
179 907 256 968 levis
276 906 406 987 stipulae
428 906 574 968 solemnis
596 915 686 987 potus
708 926 833 968 acervos

146 990 321 1068 Ascendet,
340 993 475 1050 flammas
493 989 710 1069 transilietque
734 1011 845 1064 sacras,

104 1076 146 1135 Iit
165 1075 249 1136 fetus
269 1082 408 1134 matrona
429 1074 529 1151 dabit,
551 1083 700 1151 natusque
721 1077 843 1155 parenti

149 1156 260 1219 Oscula
281 1160 471 1237 comprensis
493 1159 616 1218 auribus
639 1160 768 1237 eripiet,

105 1240 172 1301 Nee
188 1240 324 1302 taedebit
346 1261 430 1300 avum
451 1260 544 1320 parvo
567 1240 729 1319 aduigilare
751 1241 858 1320 nepoti

149 1322 300 1404 Balbaque
323 1344 389 1384 cum
411 1344 507 1404 puero
528 1324 634 1385 dicere
656 1327 750 1385 verba
773 1342 887 1384 sonem.

106 1406 195 1467 Tunc
216 1415 342 1488 operata
364 1407 422 1467 deo
445 1409 541 1487 pubes
564 1408 736 1469 discumbet
757 1410 788 1466 in
810 1408 922 1483 herba,
1071 1418 1102 1471 95

149 1492 278 1552 Arboris
301 1494 444 1570 antiquae
467 1491 622 1569 qualevis
644 1493 751 1551 umbra
773 1490 871 1567 eadit,

104 1575 167 1634 Aut
188 1594 206 1634 e
227 1581 313 1635 reste
336 1595 389 1634 sna
408 1573 539 1634 tendent
560 1574 736 1634 umbracula
756 1576 848 1635 sertis

146 1657 275 1734 Vincta,
297 1664 459 1717 coronatus
481 1659 574 1718 stabit
596 1665 628 1718 et
649 1664 719 1717 ante
743 1655 828 1717 calix.

104 1741 146 1801 nt
165 1741 224 1800 sibi
247 1743 375 1821 quisque
400 1741 494 1821 dapes
516 1749 549 1802 et
570 1742 666 1801 festas
688 1748 811 1801 extruet
832 1738 893 1799 alte

147 1824 323 1903 cespitibus
342 1844 461 1885 mensas
483 1826 713 1905 cespitibnsqne
736 1832 845 1885 torum.

102 1908 228 1985 Ingeret
250 1908 300 1968 hio
322 1916 412 1989 potus
434 1910 551 1969 invenis
571 1908 736 1969 maledieta
757 1908 896 1990 puellae,

146 1989 222 2050 Post
244 1991 333 2051 modo
356 2011 433 2071 quae
452 1994 531 2051 votis
552 1994 641 2052 irrita
662 1993 744 2053 faeta
765 1994 857 2054 uelit:

101 2074 178 2132 Nam
201 2074 285 2134 ferus
306 2074 362 2135 ille
384 2093 455 2147 snae
478 2074 613 2155 plorabit
636 2078 756 2137 sobrius
777 2077 860 2137 idem

145 2157 187 2215 Et
208 2176 241 2216 se
263 2159 377 2218 iurabit
397 2166 500 2218 mente
523 2159 617 2219 luisse
641 2158 727 2218 mala.

101 2240 183 2299 Pace
203 2246 254 2299 tua
275 2248 406 2321 pereant
428 2262 515 2301 arcus
533 2249 725 2322 pereantque
746 2246 889 2322 sagittae,
939 2312 942 2317 Α
1053 2255 1101 2304 105

144 2322 287 2403 Phoebe,
309 2325 399 2385 modo
418 2327 451 2384 in
474 2327 567 2385 terris
589 2333 676 2387 erret
697 2329 821 2387 inermis
843 2328 945 2386 Amor.

102 2407 162 2465 Ars
184 2407 278 2467 bona:
301 2407 356 2468 sed
376 2416 538 2489 postquam
560 2411 689 2489 sumpsit
710 2411 769 2469 sibi
791 2408 852 2469 tela
875 2406 1011 2488 Cupido,

144 2489 214 2549 Heu
234 2491 294 2550 heu
316 2512 404 2570 qnam
425 2492 528 2552 multis
552 2513 600 2553 ars
623 2492 709 2553 dedit
730 2492 785 2552 illa
807 2491 933 2552 malum!

100 2572 142 2631 Et
162 2573 236 2632 mihi
254 2577 428 2655 praecipue.
452 2577 537 2635 iaceo
560 2597 628 2636 eum
650 2578 769 2636 saucius
791 2596 900 2636 annum

142 2656 183 2715 Et
199 2657 287 2717 faveo
308 2660 431 2736 morbo,
455 2679 521 2719 curn
543 2661 625 2719 iuvat
647 2662 713 2740 ipse
735 2658 842 2737 dolor,
1050 2669 1100 2721 110

101 2738 205 2818 Usque
229 2760 304 2800 cano
325 2741 497 2819 Nemesim,
520 2745 587 2802 sine
610 2764 668 2822 qua
686 2764 792 2804 versus
816 2744 890 2803 milri
912 2739 1015 2802 nullus

142 2822 246 2883 Verba
268 2831 372 2904 potest
393 2828 488 2885 iustos
511 2834 563 2886 aut
584 2828 726 2906 reperire
747 2826 852 2906 pedes.

99 2906 140 2964 Aa
160 2911 195 2965 tu
217 2907 302 2985 (nam
324 2908 423 2969 divum
446 2916 548 2969 servat
568 2909 665 2969 tutela
687 2911 830 2990 poetas),

121 2987 347 3069 'iPraemoneo,
369 2994 429 3052 vati
450 2998 558 3072 paics,
582 2992 704 3073 puella,
725 3014 829 3071 sacro,

97 3072 142 3132 Ut
160 3072 360 3134 Messalinum
382 3074 554 3152 celebrem,
578 3097 645 3137 cum
666 3079 802 3157 praemia
824 3076 899 3137 belli
1054 3087 1100 3137 1Ιό

141 3155 222 3216 Ante
242 3177 313 3218 suos
330 3179 437 3219 currus
459 3160 571 3240 oppida
592 3163 673 3221 victa
693 3162 792 3239 feret,

96 3237 168 3318 lpse
190 3258 301 3317 gerens
322 3242 442 3303 lauros:
464 3243 550 3304 lauro
573 3243 732 3305 devinctus
754 3246 868 3323 agresti

140 3321 234 3383 Miles
252 3326 318 3384 ‘io'
339 3343 445 3406 magna
468 3347 542 3387 voce
565 3330 755 3409 ‘triumphe'
779 3337 876 3388 canet.

99 3404 179 3465 Tum
200 3407 335 3470 Messala
356 3430 441 3471 mens
462 3413 513 3491 pia
541 3411 595 3472 det
616 3412 789 3492 spectacula
812 3413 921 3471 turbae

141 3508 273 3549 arsamus.
867 3495 885 3555 3
