2414 3848
101 423 305 525 aaran
341 423 635 524 uranum
674 418 1081 555 (nuendum)

406 621 545 684 LIBER
568 617 773 682 TERTIUS.

89 992 203 1086 Martis
225 1025 354 1085 Romani
376 1025 474 1085 festae
497 1044 611 1085 venere
633 1022 783 1086 kalendae

133 1110 299 1188 (Exoriens
322 1110 437 1168 nostris
457 1110 509 1168 hio
530 1109 590 1168 fuit
611 1128 705 1169 annus
728 1106 823 1184 avis),

90 1198 131 1256 Et
152 1212 226 1270 vaga
247 1211 328 1250 nune
349 1199 434 1251 certa
455 1191 633 1252 discurrunt
653 1190 790 1269 undique
812 1209 922 1270 pompa

131 1278 255 1353 Perque
272 1278 335 1335 viar
357 1277 443 1335 urbis
465 1295 593 1336 munera
615 1295 734 1355 perque
757 1273 880 1333 domos:

91 1362 210 1438 Dicite,
232 1357 393 1437 Pierides,
416 1379 547 1438 quonam
569 1358 701 1418 donetur
723 1360 842 1418 honore
1026 1376 1031 1386 ·
1080 1366 1095 1418 5

134 1444 194 1503 Seu
217 1462 300 1519 mea,
323 1462 377 1502 seu
397 1442 509 1521 fallor,
531 1463 601 1503 cara
620 1443 741 1502 Neaera
761 1449 873 1502 tamen.

92 1528 235 1589 Carmine
255 1527 426 1604 formosae,
448 1528 550 1606 pretio
574 1527 736 1605 capiuntur
754 1544 877 1585 avarae:

134 1609 291 1688 Gaudeat,
311 1617 346 1669 ut
365 1609 456 1687 digna
479 1616 542 1688 est,
565 1611 703 1669 versibus
724 1607 781 1668 illa
800 1609 886 1668 meir.

90 1696 188 1756 Lutea
206 1693 262 1753 sed
282 1695 403 1753 niveum
424 1693 559 1753 involvat
578 1696 753 1753 membrana
770 1690 927 1770 libellum,

133 1779 274 1837 Pumioet
296 1782 328 1836 et
350 1796 439 1836 canas
461 1774 590 1836 tondeat
612 1785 682 1837 ante
704 1796 805 1836 comas
1065 1787 1097 1839 10

92 1862 275 1939 Summaque
295 1865 457 1940 praetexat
478 1861 580 1920 tenuis
601 1861 723 1939 fastigia
745 1862 884 1936 chartae,

134 1944 254 2005 Indioet
274 1949 308 2003 ut
328 1962 440 2005 nomen
460 1942 569 2004 littera
589 1945 688 2022 facta,
710 1950 810 2022 tuum,

92 2031 195 2106 Atque
217 2029 301 2088 inter
323 2030 460 2106 geminas
480 2029 646 2109 pingantur
669 2047 782 2103 cornua
804 2028 941 2087 frontes:
980 2024 1005 2075 d-
1018 2032 1130 2067 ΝΜ*

135 2112 186 2171 Sia
207 2113 322 2172 etenim
343 2118 495 2192 comptum
518 2114 644 2172 mittere
667 2117 795 2191 oportet,
815 2130 899 2191 opus.

91 2198 153 2256 Per
175 2213 245 2273 vos,
268 2200 410 2255 auctores
429 2197 519 2255 huius
541 2197 616 2255 mihi
638 2197 796 2273 carminis,
819 2215 874 2253 oro
1067 2202 1100 2254 15

137 2277 363 2357 Castaliamque
385 2282 522 2339 umbram
544 2281 727 2357 Pieriosque
745 2277 847 2356 lacus,

91 2364 137 2424 Ite
161 2361 283 2422 domum
306 2361 482 2442 cultumque
502 2362 549 2423 illi
572 2363 684 2422 donate
705 2361 860 2440 libellum,

136 2448 223 2506 Siout
242 2448 318 2507 erit:
341 2445 444 2507 nullus
467 2446 583 2507 defluat
602 2445 675 2506 inde
698 2444 795 2505 color.

92 2530 149 2595 Illa
171 2531 245 2589 mihi
267 2530 403 2607 referet,
425 2532 451 2590 si
471 2532 572 2590 nostri
592 2536 695 2590 mutua
718 2550 791 2590 cura
812 2537 860 2590 est

135 2614 184 2673 An
205 2614 322 2691 minor,
344 2633 382 2672 an
404 2619 470 2673 toto
490 2621 620 2695 pectore
642 2612 821 2674 deciderim.
1066 2620 1102 2672 ΞΟ

94 2696 157 2758 Sed
177 2699 309 2777 primum
329 2698 470 2757 meritam
490 2697 576 2776 larga
598 2697 710 2757 donate
731 2696 830 2756 salute

135 2781 239 2858 Atque
262 2781 339 2840 haee
362 2783 511 2842 submisso
535 2781 630 2841 dicite
651 2783 745 2841 verba
768 2798 853 2840 sono.

95 2864 201 2923 ‘Haeo
224 2864 283 2924 tibi
304 2865 351 2923 vir
375 2864 544 2943 quondam,
566 2884 646 2924 nuno
668 2865 783 2941 frater,
806 2869 889 2924 easta
909 2862 1049 2941 Neaera,

134 2947 237 3008 Mittit
258 2952 290 3007 et
309 2949 441 3028 accipias
463 2968 590 3009 munera
607 2969 701 3028 parra
721 2954 827 3027 rogat,

98 3031 209 3109 Teque
231 3031 294 3090 suis
315 3031 396 3091 iurat
418 3053 517 3092 caram
540 3034 635 3110 magis
657 3050 726 3091 esse
748 3029 910 3109 medullis,
1067 3040 1101 3091 25

137 3114 207 3175 Sive
230 3114 289 3173 sibi
311 3117 442 3176 coniunx
465 3118 528 3176 sive
550 3117 653 3176 futura
673 3135 770 3184 soror.

96 3197 161 3258 Sed
181 3198 285 3278 potius
309 3200 455 3260 coniunx:
475 3192 566 3260 huius
588 3218 674 3280 spem
695 3199 827 3259 nominis
849 3195 898 3257 illi

138 3280 270 3341 Auferet
289 3283 424 3342 extincto
446 3282 562 3363 pallida
583 3284 663 3343 Ditis
686 3285 785 3360 aqua?

503 3430 700 3444 -υ--ι-
