2414 3848
421 202 568 265 TlBULLl
588 204 656 266 LlB.
674 208 696 268 1.
716 216 742 270 6·
758 214 782 268 7.

141 374 288 435 lnmerIto
310 391 424 454 pronas
446 374 663 454 proripiarque
684 377 756 435 vias.

100 459 169 520 Non
190 476 247 537 ego
270 462 303 517 te
321 455 448 537 pulsare
469 454 580 535 velim,
601 457 673 537 s'ed,
694 459 815 519 venerit
836 459 896 520 iate

143 542 176 603 Si
196 542 301 619 furor,
321 540 452 620 optarim
475 558 537 600 non
559 541 703 603 habuisse
724 562 845 603 manua:

97 625 163 687 Nec
185 643 275 686 saevo
298 624 341 684 ais
362 629 446 684 casta
467 630 568 703 metu,
590 625 646 686 aed
668 632 772 687 mente
793 624 897 686 fideli:
1067 633 1103 691 75

140 709 267 771 Mutuus
288 708 408 768 absenti
430 713 462 768 te
483 708 558 768 milri
579 716 682 770 servet
704 730 796 770 amor.

97 793 158 870 At,
183 809 261 872 qnae
282 788 343 850 lida
364 791 424 852 fuit
443 789 536 869 nulli,
558 799 629 873 post
648 796 727 853 victa
749 799 875 854 senecta
963 842 968 851 .

142 877 236 937 Ducit
252 876 343 954 inops
363 873 495 936 tremula
513 878 642 937 stamina
662 883 745 937 torta
763 896 853 937 manu

97 960 263 1039 Firmaque
284 956 446 1019 conductis
468 956 605 1020 adnectit
623 958 695 1021 licia
712 958 784 1020 telis

141 1044 318 1121 Tractaque
340 1040 379 1101 de
401 1042 490 1102 niveo
512 1042 630 1104 vellere
651 1043 744 1104 dente
764 1051 861 1123 putat.
1067 1054 1104 1108 80

99 1129 186 1189 Hanc
209 1128 309 1186 auimo
331 1123 486 1204 gaudente
509 1126 616 1188 vident
636 1131 841 1206 iuvenumque
864 1133 1004 1188 catervae

142 1212 391 1271 Commemorant
412 1210 524 1270 merito
546 1217 594 1272 tot
614 1211 692 1273 mala
714 1211 800 1271 ferre
821 1230 943 1287 senem,

99 1296 187 1356 lianc
208 1295 315 1357 Venus
338 1292 459 1354 exalto
482 1295 610 1356 flentem
631 1294 769 1357 sublimis
791 1295 922 1375 Olympo

141 1379 268 1458 Spectat
290 1383 323 1436 et
345 1376 449 1436 infidia
472 1397 561 1456 qnam
582 1380 624 1439 sit
643 1380 753 1440 acerba
775 1387 889 1439 monet.
958 1414 961 1419 -

98 1464 183 1524 llaec
203 1459 272 1521 aliia
293 1457 458 1520 maledicta
481 1460 606 1523 cadant:
627 1483 700 1540 nos,
722 1460 828 1541 Delia,
850 1465 961 1523 amoris
1067 1473 1103 1527 85

139 1542 322 1624 Exemplum
344 1562 419 1602 cana
443 1544 536 1606 simus
558 1553 690 1624 uterque
713 1565 806 1608 corna.

565 1733 683 1823 Vnst

99 1847 192 1941 llunc
215 1881 359 1941 cecinere
381 1877 464 1941 diem
485 1879 602 1940 Parcae
621 1880 728 1942 fatalia
749 1889 860 1944 nentes

141 1965 277 2025 Stamina
296 1983 357 2023 non
376 1961 434 2024 ulli
459 1962 656 2024 dissoluenda
679 1964 755 2042 deo;

99 2049 188 2108 llunc
210 2048 296 2126 iore,
318 2047 489 2125 Aquitanas
510 2055 618 2130 posset
642 2051 694 2128 qui
716 2049 848 2110 fundere
870 2056 988 2128 gentes,
1058 2088 1061 2092 ›

141 2131 237 2208 Quem
260 2138 413 2192 tremeret
434 2132 510 2193 forti
530 2131 629 2194 milite
651 2134 749 2194 victus
769 2135 856 2210 Atax.
1044 2142 1048 2149 '

97 2216 255 2276 Evenere:
278 2234 373 2277 noros
394 2219 492 2297 pubes
513 2216 649 2277 Romana
670 2212 841 2297 triumphos
883 2240 885 2245 ⁴
1085 2226 1102 2277 o

140 2298 228 2362 Vidit
251 2304 284 2362 et
305 2301 443 2362 evinctos
465 2301 592 2362 brachia
614 2307 701 2379 capta
723 2299 832 2360 duces:

100 2385 141 2446 Aa
160 2388 193 2446 ie
214 2385 358 2446 victrices
379 2382 500 2462 lauros,
523 2381 676 2459 Messala,
698 2389 858 2462 gerentem

139 2468 288 2530 Portabat
309 2469 407 2532 niveis
429 2488 537 2528 currus
559 2469 694 2528 eburnus
716 2466 813 2545 equis.
827 2533 829 2537 ¹

98 2553 167 2614 Non
190 2554 257 2613 sine
279 2571 328 2613 mc
350 2557 398 2612 est
421 2553 478 2611 tibi
500 2556 606 2630 partus
626 2550 739 2610 honos:
762 2546 912 2625 Tarbella
930 2548 1054 2628 Pyrene

142 2636 247 2697 Testis
269 2642 302 2697 et
322 2636 438 2696 Oceani
460 2632 553 2695 litora
575 2633 750 2713 Santonici,
1070 2645 1102 2694 10

99 2720 205 2781 Testis
226 2721 306 2780 Arar
327 2718 556 2796 Rhodanusque
578 2715 664 2779 celer
685 2735 872 2796 magnusque
893 2717 1062 2796 Garumna,

143 2804 272 2865 Garnoti
295 2810 328 2864 et
347 2803 417 2862 ilari
441 2801 563 2862 caerula
585 2799 709 2881 lympha
729 2802 832 2879 Liger.

98 2891 148 2950 An
170 2894 217 2966 te,
239 2885 365 2967 (lydae,
389 2904 509 2964 canam,
533 2886 636 2946 tacitis
660 2887 711 2964 qui
733 2882 850 2945 leniter
872 2882 961 2943 undis

142 2969 312 3032 Caeruleus
334 2967 466 3049 placidia
487 2989 545 3051 per
566 2967 641 3030 vada
663 2970 762 3049 serpis
785 2968 888 3046 aquis,

99 3057 237 3133 Quantus
256 3061 290 3115 et
309 3053 449 3114 aetherio
474 3055 654 3132 contingens
675 3054 792 3113 vertice
816 3052 913 3110 nubea
1068 3062 1102 3113 15

140 3138 286 3219 Frigidus
307 3139 448 3198 intonsos
470 3137 591 3197 Taurus
613 3133 675 3196 alat
698 3133 834 3197 Cilicas?

99 3222 182 3301 Quid
201 3224 354 3302 referam,
376 3227 410 3281 ut
431 3219 543 3282 volitet
563 3221 689 3281 crebras
711 3221 826 3280 intacta
846 3235 904 3296 per
924 3220 1017 3279 urbes

140 3308 219 3370 Alba
238 3305 413 3367 Palaestino
437 3311 540 3365 sancta
562 3302 702 3365 columba
724 3302 819 3382 Syro,

99 3392 204 3471 thue
225 3392 317 3451 maris
338 3394 455 3450 vastum
476 3394 657 3468 prospectet
677 3388 815 3448 turribus
838 3403 953 3464 aequor

142 3474 244 3538 Prima
265 3481 363 3535 ratem
385 3474 486 3534 ventis
509 3471 640 3533 credere
661 3470 751 3531 docta
770 3468 889 3548 Tyros,
1067 3475 1104 3528 20
