2414 3848
153 203 173 266 2
222 224 228 231 ·
495 204 640 266 TlBULLl
661 205 728 267 LIB.
746 206 767 265 Ι.
786 218 811 269 1.

195 374 259 433 Nec
281 390 404 452 semper
424 372 534 452 longae
558 372 681 433 deditus
699 391 768 434 esse
789 374 873 451 viae,

153 456 216 516 Sed
238 457 330 518 (lanis
355 458 487 517 aestivos
512 463 598 517 ortus
618 458 716 516 vitare
737 458 793 518 sub
814 458 921 517 umbra

194 541 324 600 Arboris
350 539 389 600 ad
407 542 489 600 riuos
512 541 743 620 praetereuntis
766 559 872 620 aquae.

154 625 219 684 Nec
240 630 343 684 tamen
365 624 521 685 interdum
540 623 657 704 pudeat
678 625 816 685 tenuisse
840 623 985 685 bidentes

195 710 257 767 Aut
277 707 401 789 stimulo
424 706 528 767 tardos
548 709 741 787 increpuisse
762 710 875 785 boves,

154 793 220 851 Non
244 809 389 869 agnamve
411 794 480 852 sinu
502 793 606 872 pigeat
627 792 764 852 fetumve
784 791 923 872 capellae

194 876 358 936 Desertum
382 873 479 935 oblita
500 881 599 937 matre
620 876 744 936 referre
768 875 900 937 domum.

153 961 193 1019 At
212 979 265 1019 vos
286 961 399 1038 exiguo,
415 961 540 1039 pecori,
562 960 712 1039 furesque
731 958 878 1040 lupique,

193 1043 332 1103 Parcite:
357 1043 396 1103 de
418 1063 527 1123 magno
549 1043 665 1125 praeda
686 1043 823 1123 peteuda
843 1061 947 1122 grege.

152 1128 210 1187 Hic
233 1146 290 1205 ogo
311 1134 530 1207 pastoremque
551 1147 651 1188 meum
672 1126 807 1188 lustrare
830 1127 1013 1206 quotannis

193 1212 235 1272 let
255 1210 407 1291 placidam
430 1210 517 1272 soleo
538 1229 686 1291 spargere
707 1210 788 1271 lacte
809 1208 925 1275 Palem.

153 1295 289 1373 ‚ldsitis,
312 1295 390 1373 divi,
411 1314 469 1354 nec
491 1314 544 1355 vos
566 1294 606 1354 de
628 1314 766 1375 paupere
788 1296 893 1355 mensa

195 1381 283 1440 Dona
305 1398 364 1440 nec
386 1396 403 1439 e
426 1381 512 1459 puris
535 1381 675 1458 spernite
694 1377 851 1439 fictilibus.

152 1463 276 1524 Fictilia
300 1465 440 1541 antiquus
462 1462 594 1541 primum
616 1463 675 1522 sibi
696 1462 775 1522 iecit
796 1462 927 1541 agrestis

192 1545 323 1625 Pocula,
346 1546 385 1606 de
404 1544 491 1606 facili
514 1547 747 1626 composuitque
771 1544 847 1606 luto.

42 1625 81 1699 „'
151 1631 218 1690 Non
241 1649 297 1709 ego
320 1627 451 1691 divitias·
464 1635 586 1709 patrum
607 1630 789 1708 fructusque
808 1631 952 1709 requiro,

194 1715 277 1790 Quos
302 1713 374 1775 tulit
395 1714 520 1791 antiquo
546 1712 670 1774 condita
691 1714 801 1774 messis
823 1733 892 1773 avo:

152 1799 246 1857 Parva
265 1817 354 1875 seges
377 1800 452 1859 satis
475 1804 540 1877 est,
563 1799 637 1858 satis
659 1803 724 1874 est,
745 1799 947 1876 requiescere
968 1797 1052 1859 lecto

84 1894 88 1901 '
193 1881 245 1941 Sei
265 1880 342 1941 licet
364 1888 397 1941 et
418 1881 511 1942 solito
533 1883 669 1942 membra
689 1881 793 1943 levare
814 1888 893 1945 toro.

151 1966 247 2042 Quam
268 1967 351 2025 iuvat
371 1967 505 2027 immites
524 1972 633 2026 ventos
656 1965 764 2025 audire
786 1967 948 2026 cubantem

130 2078 140 2089 ·-
191 2049 233 2109 Et
255 2048 407 2109 dominam
427 2057 537 2110 tenero
559 2047 731 2110 detinuisse
751 2050 820 2109 sinu

152 2135 228 2211 siut,
250 2132 369 2212 gelidas
390 2135 540 2195 hibernus
562 2153 655 2212 aquas
676 2154 743 2194 cum
765 2132 884 2195 ruderit
906 2136 1039 2213 Auster,

193 2218 342 2278 Securum
360 2238 483 2279 somnos
506 2220 605 2279 imbre
626 2218 750 2279 iuvante
772 2218 876 2296 sequi!

151 2302 217 2363 lloc
240 2302 316 2363 mihi
338 2304 509 2382 contingat:
529 2304 570 2363 sit
592 2301 677 2363 dives
695 2304 778 2381 lure,
798 2301 937 2363 furorem

193 2388 252 2463 Qui
271 2388 364 2448 maris
386 2394 419 2448 et
440 2390 548 2449 tristes
567 2388 654 2447 ferre
675 2392 781 2466 potest
803 2383 930 2466 pluvias.

150 2471 176 2531 0
201 2478 346 2549 quantum
370 2479 419 2532 est
440 2474 506 2533 auri
526 2478 638 2552 pereat
658 2473 824 2551 potiusque
846 2469 1016 2552 smaragdi,

193 2556 289 2631 Quam
311 2557 385 2616 fleat
407 2558 446 2616 ob
468 2565 591 2616 nostras
612 2554 675 2616 ulla
696 2554 803 2635 puella
824 2556 896 2617 vias.

151 2639 198 2699 'le
218 2637 339 2699 bellare
362 2637 455 2699 decet
477 2645 576 2715 terra,
599 2638 750 2716 Messala,
773 2640 929 2718 marique,

191 2724 234 2784 Ut
256 2720 363 2784 domus
380 2720 510 2782 hostiles
531 2722 691 2802 praeierat
712 2724 851 2783 exuvias:

150 2807 204 2868 Me
224 2808 364 2867 retinent
383 2807 519 2866 vinctum
539 2806 694 2867 formosae
715 2804 817 2867 vincla
837 2805 978 2887 puellae,

191 2891 233 2951 Et
254 2891 349 2952 sedeo
372 2888 465 2951 duras
487 2891 601 2951 ianitor
624 2897 695 2950 aute
719 2891 813 2952 fores.

150 2975 218 3035 Non
240 2994 297 3055 ego
318 2972 437 3035 laudari
459 2995 549 3052 curo,
572 2994 639 3034 mea
657 2973 763 3035 Deliae
784 2981 886 3036 tecum

192 3060 271 3120 Dum
292 3057 383 3119 modo
407 3060 479 3140 sim,
502 3077 616 3139 quaeso
638 3061 742 3138 segnis
764 3060 912 3138 inersque
931 3078 1033 3122 vocer.

151 3143 199 3204 Te
222 3149 379 3225 spectem,
400 3161 544 3224 suprema
565 3142 641 3205 milri
663 3162 730 3203 cum
750 3144 872 3204 venerit
891 3144 983 3224 hora,

194 3228 242 3289 'l'e
264 3236 385 3289 teneam
409 3229 544 3289 moriens
567 3225 733 3288 deficiente
754 3245 854 3286 mann.

152 3312 258 3372 Flebis
281 3320 314 3373 et
333 3332 440 3373 arsuro
462 3313 598 3393 positum
617 3330 685 3385 me,
705 3307 812 3389 Delia,
832 3308 935 3391 lecto,

194 3396 351 3458 Tristibus
373 3405 405 3457 et
425 3394 561 3458 lacrimis
584 3392 689 3457 oscula
710 3396 803 3456 mixta
824 3392 919 3455 (labis.

138 3480 272 3540 Flebis:
289 3500 356 3542 norr
376 3488 427 3542 tna
446 3488 519 3544 sunt
542 3479 619 3543 duro
641 3477 823 3563 praecordia
843 3478 929 3539 ferro
