2414 3848
290 203 436 265 'llBULLl
460 201 664 280 (LYGDddll)
688 200 755 261 LIB.
773 202 823 262 lll.
839 214 865 265 4.
881 215 906 267 5.

94 374 179 451 Ergo
202 391 241 432 ne
260 369 366 431 dubita
384 368 512 429 blandas
534 368 683 429 adhibere
706 368 865 448 querelas:

136 456 312 517 Vincuntur
334 451 418 513 molli
436 460 564 533 pectora
585 452 662 512 dura
684 471 789 532 prece.

96 536 234 617 Quodsi
255 556 328 597 vera
351 544 462 596 canunt
483 538 578 596 sacris
602 534 724 595 oracula
747 535 887 617 templis,

138 622 225 681 Haec
246 620 292 680 illi
314 628 419 680 nostro
442 622 566 679 nomine
588 619 670 679 dicta
690 620 792 679 refer:

96 706 183 765 ‘Hoc
204 706 260 764 tibi
282 705 452 781 coniugium
471 705 625 783 promittit
646 701 751 762 Delius
769 705 853 782 ipse,

137 786 228 847 Felix
249 789 323 863 hoc,
347 785 439 846 alium
461 787 568 846 desine
586 785 667 847 velle
689 788 821 845 virum.’'

95 872 197 947 Dixit,
219 877 252 929 et
272 872 396 949 ignavus
419 869 547 930 deduxit
569 889 699 949 corpore
720 890 851 931 somnus.

138 954 188 1013 Ah
210 972 267 1031 ego
289 972 329 1012 ne
349 956 463 1033 possim
482 959 568 1013 tanta
589 953 696 1013 videre
718 952 805 1013 mala.

96 1036 162 1096 Nec
182 1038 240 1096 tibi
263 1036 449 1097 crediderim
469 1039 548 1097 votis
572 1039 724 1097 contrario
744 1043 814 1096 vota

139 1120 204 1179 Nec
226 1125 344 1180 tantum
367 1122 484 1180 crimen
504 1127 632 1201 pectore
654 1123 756 1180 inesse
778 1126 849 1178 tuo:

96 1204 173 1264 Nam
195 1210 226 1263 te
245 1221 304 1265 nee
325 1206 401 1263 vasti
422 1211 594 1283 genuerunt
616 1223 748 1282 aequora
768 1204 856 1283 ponti

138 1286 203 1349 Nee
221 1288 370 1347 flammam
392 1287 517 1348 volvens
535 1307 589 1347 orc
609 1288 771 1347 Chimaera
791 1287 859 1344 fero

96 1370 162 1431 Nec
183 1373 265 1430 canis
288 1373 437 1450 anguinea
456 1371 617 1432 redimitus
638 1380 725 1448 terga
747 1376 884 1446 caterva,

140 1455 199 1514 (ini
220 1456 285 1515 tres
307 1461 379 1515 sunt
399 1454 523 1532 linguae
543 1456 807 1533 tergeminumque
830 1460 936 1531 caput,

98 1536 264 1616 Scyllaque
286 1540 454 1617 virgineam
475 1540 598 1597 canibus
621 1538 775 1597 succincta
796 1537 943 1614 liguram,

139 1621 258 1681 Necte
280 1629 460 1702 conceptam
482 1640 570 1681 saeva
590 1620 698 1680 leaena
721 1618 807 1696 tulit,
1008 1612 1012 1619 ’

98 1704 232 1763 Barbara
251 1724 308 1765 nec
330 1706 474 1785 Scythiae
495 1703 590 1764 tellus
611 1702 804 1764 horrendaue
828 1703 944 1781 Syrtis,

142 1787 204 1846 Sed
226 1787 308 1848 culta
327 1795 360 1847 et
381 1788 466 1848 duris
488 1808 549 1847 non
571 1786 736 1847 habitanda
756 1786 862 1846 domus

97 1871 140 1929 Et
159 1868 252 1948 longe
274 1878 345 1931 ante
363 1871 437 1932 alias
459 1891 564 1931 omnes
586 1872 745 1931 mitissima
762 1878 860 1930 mater

140 1953 229 2031 Isque
251 1959 341 2032 pater
363 1974 421 2031 qno
441 1974 501 2014 non
525 1954 605 2014 alter
627 1951 795 2013 amabilior.

97 2036 183 2095 Haec
206 2035 281 2095 deus
303 2038 336 2096 in
356 2030 465 2097 melius
487 2038 625 2097 crudelia
646 2038 761 2097 somnia
782 2044 882 2096 vertat

139 2120 182 2179 Et
200 2120 305 2179 iubeat
326 2121 448 2200 tepidos
470 2124 558 2180 irrita
580 2122 665 2179 ferre
686 2118 792 2177 Notos.

575 2335 614 2397 V.

97 2416 167 2509 llos
190 2456 293 2529 tenet,
314 2452 454 2511 Etruscis
477 2458 577 2510 manat
599 2451 833 2528 quaesentibus
856 2448 951 2527 unda,

141 2533 232 2594 Unda
250 2537 305 2594 snb
329 2536 475 2595 aestivum
496 2554 558 2593 non
581 2534 720 2593 adeunda
740 2534 869 2609 Canem,

98 2618 186 2677 Nunc
209 2624 309 2677 autem
332 2620 427 2678 sacris
448 2619 588 2677 Baiarum
609 2619 747 2697 proxima
767 2614 918 2696 lymphis,

141 2701 219 2760 (inm
240 2721 274 2762 se
295 2720 452 2782 purpureo
474 2720 548 2761 vere
570 2702 702 2760 remittit
723 2701 848 2758 humus:

98 2788 141 2844 At
161 2785 235 2843 mihi
256 2786 457 2865 Persephone
479 2786 596 2862 nigram
618 2785 779 2844 denuntiat
799 2784 919 2842 horam:

141 2868 287 2928 inmerito
308 2869 411 2928 inveni
430 2887 523 2947 parce
545 2887 674 2944 nocere,
696 2867 762 2928 dea.

98 2951 167 3011 Non
187 2970 244 3029 ego
267 2953 382 3012 tentavi
404 2950 483 3011 nulli
503 2952 683 3011 temeranda
702 2953 838 3010 virorum

141 3035 248 3095 Audax
267 3034 436 3096 laudandae
457 3055 542 3095 sacra
560 3034 674 3095 docere
696 3034 787 3112 deae,

98 3118 165 3178 Nec
182 3137 249 3178 mea
269 3120 439 3178 mortiferis
458 3119 568 3178 infecit
589 3117 699 3198 pocula
720 3118 818 3177 succis

142 3202 276 3261 Dextera
295 3222 354 3262 nec
375 3205 516 3281 cuiquam
535 3203 610 3262 trita
632 3220 749 3261 venena
767 3198 870 3277 dedit,
1066 3206 1099 3261 to

99 3284 164 3344 Nec
185 3304 241 3344 nos
263 3284 405 3364 sacrilegi
424 3285 548 3365 templis
572 3284 756 3345 admovimus
778 3286 881 3361 ignea,

142 3369 207 3429 Nec
227 3388 280 3428 cor
302 3367 471 3429 sollicitant
490 3370 573 3429 facta
594 3367 726 3429 nefanda
747 3385 864 3442 meum,

99 3452 165 3511 Nec
186 3471 243 3511 nos
264 3453 389 3512 insanae
409 3452 594 3513 meditantes
613 3452 711 3530 iurgia
731 3451 843 3509 mentis
