2414 3848
108 206 148 268 52
424 201 571 288 nuruum
592 201 816 265 n1o.1v.‘a.4.

112 374 231 452 Quidve
253 370 463 433 iuvatfurtim
483 369 621 432 latebras
642 371 762 430 intrare
784 369 922 430 ferarum

155 454 356 534 Candidaque
376 456 509 516 hamatis
532 474 623 515 crura
643 459 753 514 notare
775 453 884 513 rubis?
1100 463 1134 519 ιο

112 540 176 602 Sed
197 547 323 618 tamen,
339 543 374 600 nt
394 545 497 601 tecum
519 538 630 618 liceat,
653 538 822 616 Cerintbe‚
845 539 965 618 vagari,

152 628 221 707 Ipsa
242 643 300 704 ego
322 642 380 704 per
401 629 522 684 monte·
544 622 626 684 retia
647 627 731 683 torta
752 621 869 700 ieram,

110 711 179 790 ipsa
201 727 258 788 ego
280 705 397 769 velocis
418 725 564 788 quaerum
584 707 715 786 vestigia
737 705 822 769 cervi

152 795 194 854 ut
215 792 336 855 demum
358 790 456 853 celeri
476 792 583 854 ferrea
603 787 705 853 vincla
729 790 807 855 oani.

24 911 28 917 -
111 878 201 938 'l'unc
220 878 315 956 mihi,
337 881 410 937 tunc
428 873 574 958 placeant
592 873 705 954 silvae,
727 875 769 954 si,
791 873 844 936 lux
864 893 948 954 mea,
971 880 1078 937 tecum
1099 883 1131 937 15

154 963 275 1042 Argnar
296 965 369 1021 ante
391 961 474 1042 ipsas
497 961 701 1022 concubuisse
721 956 846 1040 plagas:

112 1046 201 1107 Tunc
222 1046 327 1106 veniat
347 1040 425 1106 licet
447 1043 487 1105 ad
508 1063 627 1123 casses,
648 1040 775 1107 illaesus
799 1044 914 1122 abibit,

153 1129 200 1191 Ne
221 1129 357 1192 Veneris
377 1128 508 1210 cupidae
531 1127 642 1210 gaudia
663 1129 788 1206 turbet,
811 1145 914 1211 aper,

111 1214 199 1275 Nunc
221 1214 289 1275 sine
311 1230 361 1274 me
382 1214 425 1273 sit
444 1211 529 1274 nulla
549 1213 674 1292 Venus,
696 1210 753 1273 sed
771 1208 843 1293 lege
865 1210 1001 1292 Dianae,

153 1298 247 1359 caste
269 1316 364 1378 puer,
387 1302 470 1358 casta
490 1299 572 1358 retia
592 1304 684 1376 tange
706 1315 813 1359 mann:
1096 1304 1132 1358 20

111 1383 152 1442 ut
176 1399 377 1461 quaecunque
399 1400 469 1442 meo
491 1381 600 1442 furtim
618 1381 762 1461 subrepit
782 1380 896 1458 amori,

153 1465 273 1527 incidat
292 1467 326 1526 in
348 1484 452 1528 saevas
476 1463 652 1549 diripienda
674 1465 768 1527 feras.

111 1550 154 1608 At
173 1556 207 1609 tu
228 1548 361 1610 venandi
384 1547 520 1611 studium
543 1548 681 1611 concede
702 1548 845 1629 parenti,

152 1633 195 1693 Et
214 1630 300 1695 celer
321 1634 353 1693 in
375 1640 499 1695 nostros
520 1635 588 1716 ipse
610 1650 739 1696 recurre
759 1631 854 1694 sinus.

585 1848 642 1912 IV.

112 1935 183 2028 lluc
204 1962 278 2026 ades
301 1970 334 2025 et
356 1970 484 2026 tenerae
506 1968 631 2028 morbos
654 1964 779 2048 expelle
801 1964 941 2048 puellae,

153 2050 224 2110 Huc
247 2048 340 2128 ades,
360 2049 485 2112 intonsa
503 2050 634 2112 Phoebe
657 2052 793 2131 superbe
814 2071 908 2112 coma.

111 2132 215 2196 Crede
238 2134 331 2212 mihi,
352 2153 502 2215 properat
524 2154 583 2196 nec
604 2135 734 2215 teiam,
756 2134 901 2214 Phoebe,
923 2136 1045 2218 pigebit

152 2219 321 2278 Formosae
343 2216 478 2280 medicas
502 2217 688 2301 applicuisse
710 2238 826 2280 manus.

109 2303 210 2363 Effice
230 2320 271 2361 ne
295 2303 409 2362 macies
430 2299 587 2383 pallentes
609 2309 740 2384 occupet
763 2309 863 2379 amus,
1112 2318 1129 2368 5

151 2384 221 2446 Neu
240 2391 331 2447 notet
352 2386 495 2448 informis
516 2386 647 2449 candidu
667 2389 805 2449 membra
827 2384 931 2467 color,

108 2472 150 2532 lit
170 2468 377 2550 quodcunque
396 2467 471 2531 mali
491 2478 540 2533 est
561 2478 595 2533 et
614 2470 761 2552 quioquid
781 2472 873 2533 triste
894 2473 1052 2551 timemus,

151 2554 185 2613 ln
205 2552 335 2634 pelagus
356 2552 474 2634 rapidis
497 2557 608 2616 evehat
627 2555 723 2616 amnis
746 2556 842 2636 aquis.

109 2639 240 2714 Sancte,
261 2638 348 2715 veni,
370 2642 535 2719 tecumque
558 2641 659 2718 ieras,
682 2641 858 2719 quicunque
880 2658 1022 2721 sapores,

144 2721 336 2800 ,Quicunque
359 2728 392 2783 et
413 2729 520 2783 cantus
542 2743 673 2804 corpora
695 2724 778 2784 fessa
798 2723 920 2785 levant:
1094 2737 1130 2788 10

109 2805 178 2866 Neu
199 2805 343 2866 iuvenem
365 2812 496 2886 torque,
519 2807 631 2867 metuit
653 2807 706 2887 qui
725 2808 790 2868 fata
810 2803 937 2890 puellae

151 2888 296 2968 Votaque
318 2908 376 2969 pro
400 2887 523 2949 dominu
543 2891 593 2952 vix
613 2890 804 2953 numeranda
822 2891 907 2952 facit.

108 2970 269 3034 Interdum
289 2979 396 3051 vovet,
419 2972 592 3054 interdum,
615 2974 699 3054 quod
719 2973 869 3055 langueat
884 2972 956 3053 illa,

151 3057 235 3117 llicit
254 3058 287 3117 in
309 3062 455 3118 aeternos
479 3078 588 3141 aspera
608 3060 704 3120 verba
724 3059 809 3120 deos.

109 3142 194 3201 Pone
216 3146 348 3220 metum,
367 3141 535 3204 cerintho:
558 3143 634 3206 dens
655 3141 718 3203 non
732 3142 836 3215 laedit
857 3149 1003 3207 amantes.
1038 3206 1042 3214 ,
1094 3152 1127 3204 15

152 3223 203 3284 Tu
224 3223 315 3285 modo
338 3244 463 3307 semper
486 3247 565 3289 ama:
587 3227 671 3289 salva
691 3226 797 3310 puella
817 3228 876 3289 tibi
899 3231 956 3288 est.

106 3305 160 3368 Nil
182 3328 258 3390 opus
282 3315 330 3369 est
352 3310 443 3371 fletu:
465 3310 601 3373 lacrimis
624 3312 686 3372 erit
707 3313 808 3393 aptius
825 3312 886 3389 uti,

151 3391 184 3452 Si
207 3391 329 3472 quando
351 3393 448 3455 luerit
469 3396 589 3456 tristior
609 3395 666 3456 illa
687 3396 754 3460 tibi.

95 3477 145 3533 At
161 3495 249 3538 nunc
271 3483 336 3540 tota
360 3482 410 3541 tua
436 3483 502 3562 est,
526 3486 559 3542 te
582 3479 684 3544 solum
705 3477 837 3541 candida
857 3498 962 3539 secum
