2414 3848
439 183 585 245 TlBULll
607 184 674 245 LIB.
694 186 729 246 ll.
749 198 770 249 ι.
1067 184 1107 246 25

98 353 184 413 Rura
205 352 313 413 ferunt
333 368 468 430 menaea,
490 350 584 413 culidi
604 372 673 414 cuna
693 353 805 415 sideris
827 362 914 416 aestu

145 437 279 517 Deponit
300 438 392 497 flavas
413 456 513 498 annua
535 444 621 498 terra
644 457 754 499 comas.

99 521 186 581 Rure
207 519 286 581 levis
304 538 401 581 verno
423 522 518 582 liores
537 523 603 602 apia
621 523 738 600 ingerit
760 522 865 601 alueo,
961 542 967 561 ⁴
990 548 1010 567 a

145 602 309 685 Compleat
330 612 365 666 ut
383 604 467 666 dulci
487 605 596 666 sedula
618 606 712 666 melle
734 607 830 667 savos.

99 688 248 768 Agricola
268 686 390 750 assiduo
411 691 543 770 primum
565 691 693 750 satiatus
715 697 818 751 aratro

143 773 285 833 cantavit
306 779 393 833 certo
416 775 532 834 rustica
552 776 647 834 rerba
668 775 749 854 pede

98 859 141 918 Et
160 863 245 916 satur
265 859 364 917 arenti
386 859 516 938 primum
540 864 587 917 est
609 857 780 918 modulatus
802 876 896 917 avena

144 943 293 1018 Carmen,
315 948 350 1000 ut
371 950 496 1002 ornatos
519 941 640 1003 diceret
662 950 733 1002 ante
756 941 848 1018 deos,

99 1024 246 1103 Agricola
267 1031 300 1084 et
319 1026 413 1103 minio
436 1026 585 1104 suffusus,
608 1026 747 1104 Bacche,
767 1027 892 1102 rubenti

143 1107 265 1169 Primus
285 1110 447 1190 inexperta
469 1108 556 1169 duxlt
577 1112 613 1170 ab
636 1116 703 1170 arte
726 1110 847 1170 choros.

100 1192 182 1252 Huic
204 1191 293 1252 datur
315 1213 332 1252 a
352 1191 466 1273 pleno,
485 1192 686 1255 memorabile
706 1213 830 1271 munus,
854 1191 925 1252 ovili

143 1273 232 1336 *Dux
252 1279 376 1357 pecoris
398 1278 502 1337 hircus
525 1285 651 1338 auxerat
671 1280 776 1357 hircos
799 1296 880 1338 oves.

98 1359 184 1420 Rure
200 1379 280 1441 puer
298 1381 393 1422 verno
415 1363 547 1442 primum
569 1361 609 1423 de
631 1364 709 1423 flore
732 1382 877 1423 coronam

141 1444 234 1505 Fecit
251 1451 285 1505 et
304 1447 437 1525 antiquis
459 1449 606 1527 imposuit
624 1447 764 1507 Laribus.
981 1512 985 1519 ,

98 1527 185 1588 Rure
207 1529 300 1589 etiam
321 1530 439 1590 teneris
462 1550 564 1590 curans
585 1531 759 1590 exhibitura
780 1527 894 1610 puellis

142 1610 241 1681 Molle
262 1614 345 1691 gerit
365 1621 454 1693 tergo
475 1612 579 1691 lucida
597 1613 695 1695 vellus
718 1615 792 1692 ogis.
1051 1674 1054 1679 .

98 1697 181 1755 Hinc
201 1703 234 1755 et
255 1697 407 1758 femineus
424 1696 513 1757 labor
531 1705 597 1776 cst,
619 1699 691 1758 hinc
712 1716 809 1779 pensa
830 1693 995 1774 colusque,
1125 1696 1174 1781 al,

141 1779 241 1839 Fusus
262 1787 295 1841 et
316 1782 456 1862 apposito
478 1779 593 1862 pollice
614 1790 718 1842 vcraat
740 1801 831 1862 opus:

98 1865 203 1941 Atque
227 1861 329 1943 aliqua
350 1864 489 1926 assiduae
511 1868 625 1926 textrix
647 1872 775 1948 operata
793 1866 954 1926 Minervae

144 1946 271 2026 Gantat,
294 1955 328 2008 et
349 1948 477 2033 appulso
500 1949 565 2027 tela
587 1958 676 2010 sonat
696 1950 808 2011 latere.

97 2031 168 2112 lpse
191 2050 314 2111 qnoque
336 2034 419 2093 inter
442 2052 532 2112 agros
551 2036 697 2113 interque
719 2041 857 2095 armenta
880 2032 999 2112 Cupido

60 2181 99 2193 .„
141 2114 238 2176 Natus
259 2123 293 2177 et
312 2115 477 2177 indomitas
501 2117 615 2179 dicitur
635 2120 720 2179 inter
739 2137 842 2198 equas.

98 2197 167 2259 lllic
186 2198 314 2260 indocto
335 2202 466 2282 primurn
489 2220 523 2261 se
546 2203 685 2263 exercuit
706 2222 795 2262 arcu:

141 2282 202 2342 Hei
225 2284 317 2363 mihi,
339 2304 429 2364 quam
449 2284 555 2346 doctsa
577 2306 659 2346 nuno
680 2287 775 2346 habet
794 2283 850 2344 ille
872 2283 992 2342 manus!

97 2365 163 2426 Nec
185 2367 340 2447 pecudes,
361 2368 447 2428 velut
468 2376 557 2445 ante,
576 2372 673 2450 petits
695 2371 799 2436 fixisse
822 2365 942 2449 puellas

111 2468 115 2475 ’
142 2450 247 2512 Geatit
268 2458 303 2512 et
322 2449 452 2512 audaces
473 2453 687 2534 perdomuisse
706 2455 799 2513 viros.

98 2533 160 2593 llio
178 2535 282 2595 iuveni
306 2534 441 2597 detraxit
460 2556 552 2618 opes,
574 2539 625 2598 hic
648 2536 754 2598 dicere
776 2536 866 2596 iussit

139 2617 250 2695 Limen
272 2618 312 2694 ad
332 2621 430 2691 iratae
451 2625 546 2682 verba
565 2620 710 2703 pudenda
729 2639 850 2682 senemr

98 2701 167 2762 lloc
189 2701 268 2763 duee
290 2703 435 2765 custodes
449 2705 557 2767 furtim
578 2713 772 2784 transgressa
794 2706 930 2767 iacentes

140 2785 191 2846 Ad
212 2788 354 2848 iuvenem
376 2790 516 2850 tenebris
539 2789 605 2850 sola
623 2788 730 2870 puella
749 2790 835 2849 venit
887 2838 894 2849 .

98 2871 140 2930 lot
160 2869 294 2956 pedibus
314 2877 494 2952 praetentat
513 2875 576 2935 iter
595 2892 744 2954 suspensa
765 2874 894 2952 timore,

140 2951 292 3035 Explorat
312 2975 418 3017 caecas
437 2959 485 3017 cui
507 2977 613 3018 manns
636 2964 707 3017 ante
729 2959 802 3017 vias.

97 3037 147 3097 Ah
168 3039 292 3116 miseri,
315 3059 391 3119 quoa
413 3041 464 3102 hic
486 3043 621 3120 graviter
644 3040 720 3101 dens
743 3041 848 3119 urget!
871 3039 976 3101 atille

139 3120 247 3201 Felix,
267 3124 316 3184 cui
337 3122 477 3204 placidus
498 3124 616 3186 leniter
637 3125 723 3185 aliiat
744 3126 848 3185 Amor.

98 3204 231 3283 Sancte,
252 3208 323 3267 veni
346 3206 476 3289 dapibus
497 3210 605 3287 festia,
627 3208 684 3269 sed
704 3226 786 3289 pone
809 3209 935 3285 sagittas

139 3291 181 3351 Et
201 3289 313 3372 procul
336 3291 483 3354 ardentes
504 3295 577 3353 hinc
598 3312 711 3374 precor
733 3291 812 3352 abde
833 3292 928 3352 faces.

98 3373 163 3437 Vos
186 3372 345 3438 celebrem
367 3384 488 3439 cantate
511 3377 602 3438 deum
622 3378 791 3458 pecorique
812 3383 920 3437 vocate

142 3459 243 3520 Voce:
265 3458 366 3540 palam
385 3463 509 3542 pecori,
531 3461 608 3523 clam
629 3462 688 3522 sibi
711 3463 841 3540 quisque
860 3466 959 3522 vocet.
