2414 3848
22 194 25 201 ’
63 263 65 268 .
119 191 160 254 so
393 242 395 246 ,
441 181 586 245 uranon
608 181 786 247 n1a.1v.1.
893 153 896 157 ’

120 357 274 434 Fortuna,
296 363 331 416 ut
350 373 416 415 mos
435 361 484 413 est
505 350 570 430 illi,
592 369 642 411 me
660 351 788 413 adversa
805 351 925 429 fatiget.

118 441 308 518 Nam‘milri‚
329 459 397 501 cnm
418 438 535 516 magnis
557 436 667 516 opibus
689 434 796 496 domus
814 433 874 497 alta
893 435 1029 513 niteret,

120 527 178 587 Goi
198 525 324 585 fuerant
344 524 424 584 ilasi*
437 521 572 582 ditantes
592 519 702 583 ordine
724 519 803 582 sulei
894 552 897 557 ·

118 611 243 670 Horrea
264 607 413 669 fecundas
436 605 474 666 ad
497 603 674 665 deficientia
695 623 829 680 messes,
974 612 979 659 Γ
1038 605 1040 609 ’
1081 613 1137 669 185

120 693 239 773 Cuique
257 710 353 772 pecus
375 689 471 752 denso
494 691 663 771 poscebant
684 690 804 769 agmine
824 685 922 748 eolle's
1123 687 1137 693 ”

119 778 178 857 (nt
197 775 320 837 domino
344 777 418 837 satis
441 781 473 835 et
494 773 620 834 nimium
641 774 766 852 forique
787 771 958 853 lupoque),

119 861 207 921 Nunc
231 860 421 920 desiderium
442 864 601 938 superest:
622 877 693 919 nam
715 878 789 920 eura
809 863 955 935 novatur,

120 947 197 1007 Cum
218 963 336 1006 memor
358 949 430 1007 ante
452 949 536 1004 actos
558 960 682 1023 semper
702 941 792 1006 ‹lolor
814 940 960 1001 admonet
981 960 1091 1001 annos.

121 1029 183 1089 Sed
203 1028 280 1090 lieet
303 1030 461 1109 asperiora
482 1024 594 1088 eadent
612 1026 792 1108 spolierque
811 1024 949 1103 relictis,
1083 1035 1138 1089 190

119 1113 188 1174 Non
208 1120 240 1173 te
263 1112 410 1173 tlefleient
430 1117 556 1172 nostrae
578 1129 750 1172 memorare
772 1112 933 1172 (lamense.

120 1198 186 1257 Neo
209 1194 309 1257 solum
328 1197 387 1257 tibi
407 1195 506 1256 Pierii
526 1197 704 1256 tribuentur
725 1197 878 1256 honores:

120 1281 182 1342 Pro
202 1288 235 1341 te
256 1279 306 1341 vel
325 1279 449 1360 rapidos
471 1281 567 1341 ausim
588 1281 681 1340 maris
701 1281 750 1340 ire
767 1298 828 1360 per
849 1276 963 1356 undas,

63 1433 65 1438 ,
120 1364 270 1425 Adversis
290 1364 421 1425 hiberna
441 1363 518 1424 lieet
537 1370 676 1424 tumeant
695 1364 779 1426 freta
798 1363 919 1442 ventis‚·
955 1421 958 1425 ,
1006 1371 1010 1385 ’·

120 1448 182 1509 Pro
205 1456 238 1509 te
259 1446 310 1509 vel
333 1446 437 1509 densis
459 1448 542 1508 solus
565 1448 735 1509 subsistere
752 1449 863 1510 turmis
1081 1456 1133 1510 195

120 1530 183 1595 Vel
201 1552 327 1613 parvum
348 1534 507 1594 Aetnaeae
529 1552 642 1614 eorpus
660 1535 854 1593 committere
875 1531 1026 1592 flammae.

123 1615 196 1676 Sum
219 1615 443 1697 quodeunque,
464 1623 549 1677 tuum
572 1624 629 1678 est.
653 1618 752 1678 nostri
774 1619 801 1678 si
821 1613 951 1698 parvula
973 1634 1048 1675 eura

122 1701 170 1760 Sit
188 1701 264 1779 tibi,
288 1707 400 1780 quanta
420 1699 567 1779 libet,·si
588 1703 629 1760 sit
650 1699 758 1780 modo,
780 1718 844 1760 non
865 1699 941 1760 mihi
963 1717 1060 1778 regna

120 1783 236 1862 Lydia,
254 1802 317 1843 non
338 1785 440 1863 magni
456 1784 561 1865 potior
582 1786 624 1845 slt
644 1786 724 1846 fama
745 1784 891 1865 Gylippi,

120 1867 217 1927 Posse
239 1866 394 1928 Meleteas
414 1886 472 1928 nee
494 1866 618 1929 mollem
639 1871 764 1931 vincere
786 1869 917 1929 chartas.
1086 1877 1140 1931 200
1181 1880 1183 1884 “

123 1950 213 2026 Quod
234 1951 293 2023 tibi
312 1952 339 2012 si
358 1970 466 2012 versus
485 1959 609 2031 noster,
631 1960 754 2015 totusue
775 1955 929 2030 minusve,
968 1970 971 1977 ·

122 2033 183 2097 Vol
206 2035 287 2096 bene
309 2036 351 2096 sit
372 2042 481 2115 notus,
505 2055 621 2098 summo
641 2037 691 2098 vel
711 2039 833 2110 inerret
852 2038 885 2097 in
908 2053 979 2113 ore,

123 2117 213 2180 Nulla
234 2120 311 2178 mihi
332 2124 470 2181 statuent
488 2121 583 2183 finem
604 2122 722 2183 telate
744 2120 883 2182 canendi.

124 2203 206 2277 Quin
227 2205 320 2263 otiam
341 2222 410 2265 meo
427 2210 502 2265 tuno
523 2204 657 2266 tumulus
680 2226 748 2266 eum
769 2207 885 2267 texerit
907 2223 990 2283 ossa,
1077 2253 1080 2258 .

125 2286 188 2346 Seu
209 2292 329 2347 maturo
351 2285 418 2349 dies
440 2288 578 2350 celerem
598 2295 749 2374 properat
769 2290 1016 2367 mihimortem,
1086 2298 1138 2353 205

41 2403 43 2408 ·
124 2369 229 2449 Longa
250 2376 355 2431 manet
376 2390 433 2432 seu
450 2375 529 2453 vito,
551 2381 671 2454 tamen,
692 2381 808 2436 munta
829 2375 928 2453 ligura
1015 2408 1020 2436 ς
1054 2409 1058 2414 -
1114 2410 1141 2415 --

125 2453 187 2513 Seu
208 2473 257 2514 me
276 2454 374 2532 finget
395 2475 507 2535 equum
530 2455 647 2536 rigidos
666 2476 856 2540 percurrere
873 2475 995 2538 campos
1048 2527 1050 2530 Α

124 2538 254 2598 Doctum
277 2557 332 2598 seu
353 2538 436 2600 tardi
456 2543 581 2622 peeoris
602 2543 660 2604 sim
682 2542 781 2622 gloria
800 2549 905 2607 murus

126 2621 196 2682 Sive
217 2641 274 2701 ego
295 2642 353 2702 per
374 2621 525 2702 liquidum
547 2625 680 2688 volueris
701 2628 796 2688 vehar
819 2646 890 2688 aera
909 2627 1038 2707 pennis,

126 2705 377 2786 Quandocunqoe
399 2708 555 2771 hominem
576 2729 625 2771 me
647 2709 739 2790 longa
758 2711 917 2791 receperit
938 2715 1039 2786 aetas,
1085 2720 1140 2772 210

126 2789 260 2871 inceptis
282 2788 322 2852 de
343 2798 376 2851 te
398 2795 556 2856 subtexam
576 2795 711 2858 earmina
732 2796 856 2866 rhemis.

530 3098 735 3123 Μ
851 3103 853 3106 v
