<?xml version="1.0" encoding="UTF-8"?>
<!DOCTYPE html PUBLIC "-//W3C//DTD XHTML 1.0 Transitional//EN"
    "http://www.w3.org/TR/xhtml1/DTD/xhtml1-transitional.dtd">
<html xmlns="http://www.w3.org/1999/xhtml" xml:lang="en" lang="en">
 <head>
  <title>
</title>
<meta http-equiv="Content-Type" content="text/html;charset=utf-8" />
  <meta name='ocr-system' content='tesseract 3.04.00' />
  <meta name='ocr-capabilities' content='ocr_page ocr_carea ocr_par ocr_line ocrx_word'/>
</head>
<body>
  <div class='ocr_page' id='page_1' title='image "albiitibullilib02tibugoog_0099.png"; bbox 0 0 2414 3848; ppageno 0'>
   <div class='ocr_carea' id='block_1_1' title="bbox 124 171 788 260">
    <p class='ocr_par' dir='ltr' id='par_1_1' title="bbox 124 171 788 260">
     <span class='ocr_line' id='line_1_1' title="bbox 124 171 788 260; baseline -0.008 -1"><span class='ocrx_word' id='word_1_1' title='bbox 124 197 164 260; x_wconf 81' lang='lat' dir='ltr'><strong>or</strong></span> <span class='ocrx_word' id='word_1_2' title='bbox 332 221 337 233; x_wconf 86' lang='lat'><strong>·</strong></span> <span class='ocrx_word' id='word_1_3' title='bbox 460 171 788 257; x_wconf 72' lang='lat' dir='ltr'><strong>nunciaturus.</strong></span> 
     </span>
    </p>
   </div>
   <div class='ocr_carea' id='block_1_2' title="bbox 121 362 1127 1952">
    <p class='ocr_par' dir='ltr' id='par_1_2' title="bbox 121 362 1127 1952">
     <span class='ocr_line' id='line_1_2' title="bbox 166 362 820 443; baseline -0.002 -16"><span class='ocrx_word' id='word_1_4' title='bbox 166 364 257 443; x_wconf 70' lang='lat' dir='ltr'><strong>Unda</strong></span> <span class='ocrx_word' id='word_1_5' title='bbox 276 363 367 425; x_wconf 91' lang='lat' dir='ltr'><strong>deum</strong></span> <span class='ocrx_word' id='word_1_6' title='bbox 390 364 476 443; x_wconf 74' lang='lat' dir='ltr'><strong>caelo</strong></span> <span class='ocrx_word' id='word_1_7' title='bbox 498 365 618 424; x_wconf 78' lang='lat' dir='ltr'><strong>miserit</strong></span> <span class='ocrx_word' id='word_1_8' title='bbox 640 362 820 442; x_wconf 71' lang='lat' dir='ltr'><strong>Indigetem.</strong></span> 
     </span>
     <span class='ocr_line' id='line_1_3' title="bbox 123 447 1127 529; baseline -0.002 -19"><span class='ocrx_word' id='word_1_9' title='bbox 123 451 206 510; x_wconf 79' lang='lat' dir='ltr'><strong>Ecce</strong></span> <span class='ocrx_word' id='word_1_10' title='bbox 226 467 319 529; x_wconf 87' lang='lat' dir='ltr'><strong>super</strong></span> <span class='ocrx_word' id='word_1_11' title='bbox 339 450 437 511; x_wconf 80' lang='lat' dir='ltr'><strong>fessas</strong></span> <span class='ocrx_word' id='word_1_12' title='bbox 459 447 568 510; x_wconf 83' lang='lat' dir='ltr'><strong>volitat</strong></span> <span class='ocrx_word' id='word_1_13' title='bbox 588 449 728 510; x_wconf 75' lang='lat' dir='ltr'><strong>Victoria</strong></span> <span class='ocrx_word' id='word_1_14' title='bbox 748 467 884 529; x_wconf 87' lang='lat' dir='ltr'><strong>puppes,</strong></span> <span class='ocrx_word' id='word_1_15' title='bbox 1096 463 1127 517; x_wconf 78' lang='lat'><strong>45</strong></span> 
     </span>
     <span class='ocr_line' id='line_1_4' title="bbox 167 530 897 612; baseline 0.001 -19"><span class='ocrx_word' id='word_1_16' title='bbox 167 532 307 593; x_wconf 83' lang='lat' dir='ltr'><strong>Tandem</strong></span> <span class='ocrx_word' id='word_1_17' title='bbox 327 531 366 593; x_wconf 99' lang='lat' dir='ltr'><strong>ad</strong></span> <span class='ocrx_word' id='word_1_18' title='bbox 389 533 541 595; x_wconf 85' lang='lat' dir='ltr'><strong>Troianos</strong></span> <span class='ocrx_word' id='word_1_19' title='bbox 563 530 631 591; x_wconf 89' lang='lat' dir='ltr'><strong>diva</strong></span> <span class='ocrx_word' id='word_1_20' title='bbox 652 534 785 612; x_wconf 87' lang='lat' dir='ltr'><strong>superba</strong></span> <span class='ocrx_word' id='word_1_21' title='bbox 805 533 897 601; x_wconf 86' lang='lat' dir='ltr'><strong>venit.</strong></span> 
     </span>
     <span class='ocr_line' id='line_1_5' title="bbox 123 614 884 680; baseline -0.007 -1"><span class='ocrx_word' id='word_1_22' title='bbox 123 619 205 680; x_wconf 82' lang='lat' dir='ltr'><strong>Ecce</strong></span> <span class='ocrx_word' id='word_1_23' title='bbox 227 618 302 677; x_wconf 92' lang='lat' dir='ltr'><strong>mihi</strong></span> <span class='ocrx_word' id='word_1_24' title='bbox 321 615 428 677; x_wconf 93' lang='lat' dir='ltr'><strong>lucent</strong></span> <span class='ocrx_word' id='word_1_25' title='bbox 449 614 571 678; x_wconf 77' lang='lat' dir='ltr'><strong>Rutulis</strong></span> <span class='ocrx_word' id='word_1_26' title='bbox 592 616 735 676; x_wconf 83' lang='lat' dir='ltr'><strong>incendia</strong></span> <span class='ocrx_word' id='word_1_27' title='bbox 758 618 884 676; x_wconf 86' lang='lat' dir='ltr'><strong>castris:</strong></span> 
     </span>
     <span class='ocr_line' id='line_1_6' title="bbox 166 699 931 781; baseline -0.001 -20"><span class='ocrx_word' id='word_1_28' title='bbox 166 702 226 761; x_wconf 86' lang='lat' dir='ltr'><strong>lam</strong></span> <span class='ocrx_word' id='word_1_29' title='bbox 246 702 304 762; x_wconf 87' lang='lat' dir='ltr'><strong>tibi</strong></span> <span class='ocrx_word' id='word_1_30' title='bbox 324 699 489 781; x_wconf 89' lang='lat' dir='ltr'><strong>praedico,</strong></span> <span class='ocrx_word' id='word_1_31' title='bbox 512 701 644 761; x_wconf 86' lang='lat' dir='ltr'><strong>barbare</strong></span> <span class='ocrx_word' id='word_1_32' title='bbox 667 701 791 781; x_wconf 86' lang='lat' dir='ltr'><strong>Turne,</strong></span> <span class='ocrx_word' id='word_1_33' title='bbox 813 719 931 761; x_wconf 87' lang='lat' dir='ltr'><strong>necem.</strong></span> 
     </span>
     <span class='ocr_line' id='line_1_7' title="bbox 123 783 1035 864; baseline 0.002 -19"><span class='ocrx_word' id='word_1_34' title='bbox 123 786 205 845; x_wconf 88' lang='lat' dir='ltr'><strong>Ante</strong></span> <span class='ocrx_word' id='word_1_35' title='bbox 227 783 333 845; x_wconf 91' lang='lat' dir='ltr'><strong>oculos</strong></span> <span class='ocrx_word' id='word_1_36' title='bbox 354 785 493 845; x_wconf 75' lang='lat' dir='ltr'><strong>Laurens</strong></span> <span class='ocrx_word' id='word_1_37' title='bbox 514 791 647 844; x_wconf 91' lang='lat' dir='ltr'><strong>castrum</strong></span> <span class='ocrx_word' id='word_1_38' title='bbox 668 803 834 864; x_wconf 85' lang='lat' dir='ltr'><strong>murusque</strong></span> <span class='ocrx_word' id='word_1_39' title='bbox 855 785 962 845; x_wconf 83' lang='lat' dir='ltr'><strong>Larini</strong></span> <span class='ocrx_word' id='word_1_40' title='bbox 985 794 1035 849; x_wconf 82' lang='lat' dir='ltr'><strong>est</strong></span> 
     </span>
     <span class='ocr_line' id='line_1_8' title="bbox 164 867 1127 947; baseline 0.006 -19"><span class='ocrx_word' id='word_1_41' title='bbox 164 868 305 947; x_wconf 79' lang='lat' dir='ltr'><strong>Albaque</strong></span> <span class='ocrx_word' id='word_1_42' title='bbox 329 871 365 930; x_wconf 90' lang='lat' dir='ltr'><strong>ab</strong></span> <span class='ocrx_word' id='word_1_43' title='bbox 387 869 519 930; x_wconf 89' lang='lat' dir='ltr'><strong>Ascanio</strong></span> <span class='ocrx_word' id='word_1_44' title='bbox 542 867 666 928; x_wconf 85' lang='lat' dir='ltr'><strong>condita</strong></span> <span class='ocrx_word' id='word_1_45' title='bbox 685 868 776 947; x_wconf 79' lang='lat' dir='ltr'><strong>longa</strong></span> <span class='ocrx_word' id='word_1_46' title='bbox 799 868 887 930; x_wconf 88' lang='lat' dir='ltr'><strong>duce</strong></span> <span class='ocrx_word' id='word_1_47' title='bbox 1095 884 1127 934; x_wconf 78' lang='lat'><strong>50</strong></span> 
     </span>
     <span class='ocr_line' id='line_1_9' title="bbox 123 951 979 1035; baseline 0 -21"><span class='ocrx_word' id='word_1_48' title='bbox 123 952 171 1014; x_wconf 83' lang='lat' dir='ltr'><strong>Te</strong></span> <span class='ocrx_word' id='word_1_49' title='bbox 194 968 316 1031; x_wconf 89' lang='lat' dir='ltr'><strong>quoque</strong></span> <span class='ocrx_word' id='word_1_50' title='bbox 337 953 396 1012; x_wconf 90' lang='lat' dir='ltr'><strong>iam</strong></span> <span class='ocrx_word' id='word_1_51' title='bbox 418 951 523 1035; x_wconf 85' lang='lat' dir='ltr'><strong>rideo,</strong></span> <span class='ocrx_word' id='word_1_52' title='bbox 546 952 642 1012; x_wconf 88' lang='lat' dir='ltr'><strong>Marti</strong></span> <span class='ocrx_word' id='word_1_53' title='bbox 662 951 813 1032; x_wconf 88' lang='lat' dir='ltr'><strong>placitura</strong></span> <span class='ocrx_word' id='word_1_54' title='bbox 834 952 979 1014; x_wconf 87' lang='lat' dir='ltr'><strong>sacerdos</strong></span> 
     </span>
     <span class='ocr_line' id='line_1_10' title="bbox 164 1030 723 1114; baseline 0.002 -19"><span class='ocrx_word' id='word_1_55' title='bbox 164 1034 235 1114; x_wconf 91' lang='lat' dir='ltr'><strong>llia,</strong></span> <span class='ocrx_word' id='word_1_56' title='bbox 256 1034 400 1098; x_wconf 85' lang='lat' dir='ltr'><strong>Vestales</strong></span> <span class='ocrx_word' id='word_1_57' title='bbox 423 1030 599 1097; x_wconf 84' lang='lat' dir='ltr'><strong>deseruisse</strong></span> <span class='ocrx_word' id='word_1_58' title='bbox 621 1038 723 1114; x_wconf 83' lang='lat' dir='ltr'><strong>focos,</strong></span> 
     </span>
     <span class='ocr_line' id='line_1_11' title="bbox 124 1120 923 1199; baseline -0.001 -18"><span class='ocrx_word' id='word_1_59' title='bbox 124 1120 376 1199; x_wconf 83' lang='lat' dir='ltr'><strong>Concubitusqne</strong></span> <span class='ocrx_word' id='word_1_60' title='bbox 393 1126 463 1180; x_wconf 89' lang='lat' dir='ltr'><strong>taos</strong></span> <span class='ocrx_word' id='word_1_61' title='bbox 483 1121 591 1182; x_wconf 83' lang='lat' dir='ltr'><strong>furtim</strong></span> <span class='ocrx_word' id='word_1_62' title='bbox 611 1122 670 1180; x_wconf 80' lang='lat' dir='ltr'><strong>ritt</strong></span> <span class='ocrx_word' id='word_1_63' title='bbox 657 1127 765 1198; x_wconf 87' lang='lat' dir='ltr'><strong>tasque</strong></span> <span class='ocrx_word' id='word_1_64' title='bbox 785 1121 923 1180; x_wconf 89' lang='lat' dir='ltr'><strong>iacentes</strong></span> 
     </span>
     <span class='ocr_line' id='line_1_12' title="bbox 163 1201 935 1285; baseline 0 -22"><span class='ocrx_word' id='word_1_65' title='bbox 163 1204 206 1264; x_wconf 82' lang='lat' dir='ltr'><strong>Et</strong></span> <span class='ocrx_word' id='word_1_66' title='bbox 228 1201 332 1284; x_wconf 91' lang='lat' dir='ltr'><strong>cupidi</strong></span> <span class='ocrx_word' id='word_1_67' title='bbox 354 1202 392 1264; x_wconf 84' lang='lat' dir='ltr'><strong>ud</strong></span> <span class='ocrx_word' id='word_1_68' title='bbox 413 1205 496 1285; x_wconf 87' lang='lat' dir='ltr'><strong>ripas</strong></span> <span class='ocrx_word' id='word_1_69' title='bbox 519 1224 602 1265; x_wconf 89' lang='lat' dir='ltr'><strong>arma</strong></span> <span class='ocrx_word' id='word_1_70' title='bbox 624 1202 735 1264; x_wconf 90' lang='lat' dir='ltr'><strong>relicta</strong></span> <span class='ocrx_word' id='word_1_71' title='bbox 758 1202 819 1264; x_wconf 86' lang='lat' dir='ltr'><strong>dei.</strong></span> <span class='ocrx_word' id='word_1_72' title='bbox 920 1230 935 1247; x_wconf 52' lang='grc' dir='ltr'><em>κ</em></span> 
     </span>
     <span class='ocr_line' id='line_1_13' title="bbox 123 1287 1124 1367; baseline 0.003 -18"><span class='ocrx_word' id='word_1_73' title='bbox 123 1289 250 1367; x_wconf 79' lang='lat' dir='ltr'><strong>Carpite</strong></span> <span class='ocrx_word' id='word_1_74' title='bbox 271 1307 369 1365; x_wconf 93' lang='lat' dir='ltr'><strong>nunc,</strong></span> <span class='ocrx_word' id='word_1_75' title='bbox 392 1290 486 1367; x_wconf 91' lang='lat' dir='ltr'><strong>tauri,</strong></span> <span class='ocrx_word' id='word_1_76' title='bbox 509 1287 549 1348; x_wconf 94' lang='lat' dir='ltr'><strong>de</strong></span> <span class='ocrx_word' id='word_1_77' title='bbox 570 1295 689 1367; x_wconf 86' lang='lat' dir='ltr'><strong>septem</strong></span> <span class='ocrx_word' id='word_1_78' title='bbox 711 1289 866 1347; x_wconf 90' lang='lat' dir='ltr'><strong>montibus</strong></span> <span class='ocrx_word' id='word_1_79' title='bbox 885 1289 1015 1366; x_wconf 87' lang='lat' dir='ltr'><strong>herbas,</strong></span> <span class='ocrx_word' id='word_1_80' title='bbox 1092 1302 1124 1354; x_wconf 81' lang='lat'><strong>55</strong></span> 
     </span>
     <span class='ocr_line' id='line_1_14' title="bbox 164 1370 960 1450; baseline 0 -20"><span class='ocrx_word' id='word_1_81' title='bbox 164 1372 243 1431; x_wconf 89' lang='lat' dir='ltr'><strong>Dum</strong></span> <span class='ocrx_word' id='word_1_82' title='bbox 261 1370 353 1431; x_wconf 91' lang='lat' dir='ltr'><strong>licet:</strong></span> <span class='ocrx_word' id='word_1_83' title='bbox 373 1372 426 1431; x_wconf 92' lang='lat' dir='ltr'><strong>hic</strong></span> <span class='ocrx_word' id='word_1_84' title='bbox 448 1390 574 1450; x_wconf 82' lang='lat' dir='ltr'><strong>magnae</strong></span> <span class='ocrx_word' id='word_1_85' title='bbox 595 1374 655 1431; x_wconf 91' lang='lat' dir='ltr'><strong>iam</strong></span> <span class='ocrx_word' id='word_1_86' title='bbox 676 1370 763 1431; x_wconf 91' lang='lat' dir='ltr'><strong>locus</strong></span> <span class='ocrx_word' id='word_1_87' title='bbox 783 1373 869 1431; x_wconf 90' lang='lat' dir='ltr'><strong>urbis</strong></span> <span class='ocrx_word' id='word_1_88' title='bbox 891 1373 960 1432; x_wconf 78' lang='lat' dir='ltr'><strong>erit,</strong></span> 
     </span>
     <span class='ocr_line' id='line_1_15' title="bbox 121 1454 889 1534; baseline 0 -20"><span class='ocrx_word' id='word_1_89' title='bbox 121 1455 234 1532; x_wconf 89' lang='lat' dir='ltr'><strong>Roma,</strong></span> <span class='ocrx_word' id='word_1_90' title='bbox 255 1460 341 1515; x_wconf 92' lang='lat' dir='ltr'><strong>tuum</strong></span> <span class='ocrx_word' id='word_1_91' title='bbox 362 1474 474 1515; x_wconf 87' lang='lat' dir='ltr'><strong>nomen</strong></span> <span class='ocrx_word' id='word_1_92' title='bbox 495 1457 590 1517; x_wconf 87' lang='lat' dir='ltr'><strong>terris</strong></span> <span class='ocrx_word' id='word_1_93' title='bbox 611 1455 706 1515; x_wconf 88' lang='lat' dir='ltr'><strong>fatale</strong></span> <span class='ocrx_word' id='word_1_94' title='bbox 727 1454 889 1534; x_wconf 81' lang='lat' dir='ltr'><strong>regendis,</strong></span> 
     </span>
     <span class='ocr_line' id='line_1_16' title="bbox 164 1538 874 1620; baseline 0 -22"><span class='ocrx_word' id='word_1_95' title='bbox 164 1540 230 1614; x_wconf 79' lang='lat' dir='ltr'><strong>Qua</strong></span> <span class='ocrx_word' id='word_1_96' title='bbox 253 1559 307 1599; x_wconf 89' lang='lat' dir='ltr'><strong>sua</strong></span> <span class='ocrx_word' id='word_1_97' title='bbox 328 1539 368 1599; x_wconf 90' lang='lat' dir='ltr'><strong>de</strong></span> <span class='ocrx_word' id='word_1_98' title='bbox 390 1538 476 1599; x_wconf 86' lang='lat' dir='ltr'><strong>caclo</strong></span> <span class='ocrx_word' id='word_1_99' title='bbox 496 1540 648 1620; x_wconf 88' lang='lat' dir='ltr'><strong>prospicit</strong></span> <span class='ocrx_word' id='word_1_100' title='bbox 669 1560 740 1598; x_wconf 81' lang='lat' dir='ltr'><strong>arra</strong></span> <span class='ocrx_word' id='word_1_101' title='bbox 761 1540 874 1617; x_wconf 84' lang='lat' dir='ltr'><strong>Ceres,</strong></span> 
     </span>
     <span class='ocr_line' id='line_1_17' title="bbox 122 1621 943 1702; baseline 0 -20"><span class='ocrx_word' id='word_1_102' title='bbox 122 1624 249 1702; x_wconf 79' lang='lat' dir='ltr'><strong>Quaque</strong></span> <span class='ocrx_word' id='word_1_103' title='bbox 270 1629 378 1702; x_wconf 91' lang='lat' dir='ltr'><strong>patent</strong></span> <span class='ocrx_word' id='word_1_104' title='bbox 399 1630 486 1683; x_wconf 90' lang='lat' dir='ltr'><strong>ortus</strong></span> <span class='ocrx_word' id='word_1_105' title='bbox 507 1632 539 1683; x_wconf 93' lang='lat' dir='ltr'><strong>et</strong></span> <span class='ocrx_word' id='word_1_106' title='bbox 562 1643 620 1702; x_wconf 88' lang='lat' dir='ltr'><strong>qua</strong></span> <span class='ocrx_word' id='word_1_107' title='bbox 641 1624 832 1684; x_wconf 89' lang='lat' dir='ltr'><strong>fluitantibus</strong></span> <span class='ocrx_word' id='word_1_108' title='bbox 853 1621 943 1683; x_wconf 86' lang='lat' dir='ltr'><strong>undis</strong></span> 
     </span>
     <span class='ocr_line' id='line_1_18' title="bbox 163 1697 1124 1786; baseline 0 -21"><span class='ocrx_word' id='word_1_109' title='bbox 163 1705 244 1766; x_wconf 87' lang='lat' dir='ltr'><strong>Solis</strong></span> <span class='ocrx_word' id='word_1_110' title='bbox 266 1697 446 1767; x_wconf 84' lang='lat' dir='ltr'><strong>anhelantes</strong></span> <span class='ocrx_word' id='word_1_111' title='bbox 469 1706 566 1767; x_wconf 89' lang='lat' dir='ltr'><strong>abluit</strong></span> <span class='ocrx_word' id='word_1_112' title='bbox 584 1709 680 1767; x_wconf 85' lang='lat' dir='ltr'><strong>amnis</strong></span> <span class='ocrx_word' id='word_1_113' title='bbox 701 1725 814 1786; x_wconf 89' lang='lat' dir='ltr'><strong>equos.</strong></span> <span class='ocrx_word' id='word_1_114' title='bbox 864 1764 873 1773; x_wconf 65' lang='grc'>,</span> <span class='ocrx_word' id='word_1_115' title='bbox 1090 1721 1124 1774; x_wconf 80' lang='lat'><strong>60</strong></span> 
     </span>
     <span class='ocr_line' id='line_1_19' title="bbox 122 1788 933 1868; baseline 0 -19"><span class='ocrx_word' id='word_1_116' title='bbox 122 1789 218 1849; x_wconf 87' lang='lat' dir='ltr'><strong>Troia</strong></span> <span class='ocrx_word' id='word_1_117' title='bbox 240 1788 364 1868; x_wconf 91' lang='lat' dir='ltr'><strong>quidem</strong></span> <span class='ocrx_word' id='word_1_118' title='bbox 383 1797 457 1849; x_wconf 90' lang='lat' dir='ltr'><strong>tunc</strong></span> <span class='ocrx_word' id='word_1_119' title='bbox 479 1810 512 1851; x_wconf 87' lang='lat' dir='ltr'><strong>se</strong></span> <span class='ocrx_word' id='word_1_120' title='bbox 535 1792 696 1851; x_wconf 88' lang='lat' dir='ltr'><strong>mirabitur</strong></span> <span class='ocrx_word' id='word_1_121' title='bbox 717 1797 750 1850; x_wconf 95' lang='lat' dir='ltr'><strong>et</strong></span> <span class='ocrx_word' id='word_1_122' title='bbox 768 1791 827 1849; x_wconf 86' lang='lat' dir='ltr'><strong>sibi</strong></span> <span class='ocrx_word' id='word_1_123' title='bbox 850 1789 933 1850; x_wconf 94' lang='lat' dir='ltr'><strong>dicet</strong></span> 
     </span>
     <span class='ocr_line' id='line_1_20' title="bbox 162 1871 813 1952; baseline -0.003 -18"><span class='ocrx_word' id='word_1_124' title='bbox 162 1873 226 1934; x_wconf 90' lang='lat' dir='ltr'><strong>Vos</strong></span> <span class='ocrx_word' id='word_1_125' title='bbox 248 1875 329 1934; x_wconf 88' lang='lat' dir='ltr'><strong>bene</strong></span> <span class='ocrx_word' id='word_1_126' title='bbox 350 1881 411 1934; x_wconf 87' lang='lat' dir='ltr'><strong>tam</strong></span> <span class='ocrx_word' id='word_1_127' title='bbox 433 1871 525 1952; x_wconf 85' lang='lat' dir='ltr'><strong>longa</strong></span> <span class='ocrx_word' id='word_1_128' title='bbox 547 1873 736 1934; x_wconf 89' lang='lat' dir='ltr'><strong>consuluisse</strong></span> <span class='ocrx_word' id='word_1_129' title='bbox 757 1875 813 1933; x_wconf 83' lang='lat' dir='ltr'><strong>viu.</strong></span> 
     </span>
    </p>
   </div>
   <div class='ocr_carea' id='block_1_3' title="bbox 13 1955 894 2036">
    <p class='ocr_par' dir='ltr' id='par_1_3' title="bbox 5 1943 894 2036">
     <span class='ocr_line' id='line_1_21' title="bbox 13 1955 894 2036; baseline -0.004 -15.036"><span class='ocrx_word' id='word_1_130' title='bbox 13 1986 18 2009; x_wconf 73' lang='grc' dir='ltr'>ι</span> <span class='ocrx_word' id='word_1_131' title='bbox 69 1956 203 2022; x_wconf 62' lang='grc' dir='ltr'>..Νειιι</span> <span class='ocrx_word' id='word_1_132' title='bbox 223 1977 314 2016; x_wconf 89' lang='lat' dir='ltr'><strong>cano:</strong></span> <span class='ocrx_word' id='word_1_133' title='bbox 336 1959 381 2032; x_wconf 64' lang='lat' dir='ltr'><strong>sic</strong></span> <span class='ocrx_word' id='word_1_134' title='bbox 402 1977 500 2036; x_wconf 86' lang='lat' dir='ltr'><strong>usque</strong></span> <span class='ocrx_word' id='word_1_135' title='bbox 522 1977 624 2018; x_wconf 83' lang='lat' dir='ltr'><strong>sacras</strong></span> <span class='ocrx_word' id='word_1_136' title='bbox 645 1959 768 2018; x_wconf 81' lang='lat' dir='ltr'><strong>innoxia</strong></span> <span class='ocrx_word' id='word_1_137' title='bbox 789 1955 894 2017; x_wconf 88' lang='lat' dir='ltr'><strong>laurus</strong></span> 
     </span>
    </p>
   </div>
   <div class='ocr_carea' id='block_1_4' title="bbox 114 2041 1166 3552">
    <p class='ocr_par' dir='ltr' id='par_1_4' title="bbox 160 2041 887 2120">
     <span class='ocr_line' id='line_1_22' title="bbox 160 2041 887 2120; baseline 0 -19"><span class='ocrx_word' id='word_1_138' title='bbox 160 2041 295 2119; x_wconf 90' lang='lat' dir='ltr'><strong>Vescar,</strong></span> <span class='ocrx_word' id='word_1_139' title='bbox 316 2048 349 2101; x_wconf 90' lang='lat' dir='ltr'><strong>et</strong></span> <span class='ocrx_word' id='word_1_140' title='bbox 369 2048 528 2103; x_wconf 85' lang='lat' dir='ltr'><strong>aeternnm</strong></span> <span class='ocrx_word' id='word_1_141' title='bbox 550 2043 590 2102; x_wconf 88' lang='lat' dir='ltr'><strong>sit</strong></span> <span class='ocrx_word' id='word_1_142' title='bbox 611 2042 686 2101; x_wconf 90' lang='lat' dir='ltr'><strong>mihi</strong></span> <span class='ocrx_word' id='word_1_143' title='bbox 706 2042 887 2120; x_wconf 66' lang='lat' dir='ltr'><strong>virginitas?</strong></span> 
     </span>
    </p>

    <p class='ocr_par' dir='ltr' id='par_1_5' title="bbox 118 2125 968 2289">
     <span class='ocr_line' id='line_1_23' title="bbox 118 2125 968 2204; baseline -0.002 -17"><span class='ocrx_word' id='word_1_144' title='bbox 118 2126 204 2187; x_wconf 87' lang='lat' dir='ltr'><strong>llaec</strong></span> <span class='ocrx_word' id='word_1_145' title='bbox 226 2126 341 2185; x_wconf 78' lang='lat' dir='ltr'><strong>cecinit</strong></span> <span class='ocrx_word' id='word_1_146' title='bbox 358 2133 443 2186; x_wconf 82' lang='lat' dir='ltr'><strong>vates</strong></span> <span class='ocrx_word' id='word_1_147' title='bbox 465 2132 497 2185; x_wconf 92' lang='lat' dir='ltr'><strong>et</strong></span> <span class='ocrx_word' id='word_1_148' title='bbox 518 2133 551 2186; x_wconf 87' lang='lat' dir='ltr'><strong>te</strong></span> <span class='ocrx_word' id='word_1_149' title='bbox 572 2127 647 2203; x_wconf 88' lang='lat' dir='ltr'><strong>sibi,</strong></span> <span class='ocrx_word' id='word_1_150' title='bbox 669 2125 813 2203; x_wconf 87' lang='lat' dir='ltr'><strong>Phoebe,</strong></span> <span class='ocrx_word' id='word_1_151' title='bbox 834 2126 968 2204; x_wconf 85' lang='lat' dir='ltr'><strong>vocavit,</strong></span> 
     </span>
     <span class='ocr_line' id='line_1_24' title="bbox 160 2209 787 2289; baseline 0.005 -23"><span class='ocrx_word' id='word_1_152' title='bbox 160 2209 285 2269; x_wconf 82' lang='lat' dir='ltr'><strong>lactavit</strong></span> <span class='ocrx_word' id='word_1_153' title='bbox 306 2209 389 2270; x_wconf 86' lang='lat' dir='ltr'><strong>fusas</strong></span> <span class='ocrx_word' id='word_1_154' title='bbox 411 2215 444 2268; x_wconf 93' lang='lat' dir='ltr'><strong>et</strong></span> <span class='ocrx_word' id='word_1_155' title='bbox 467 2216 557 2289; x_wconf 88' lang='lat' dir='ltr'><strong>caput</strong></span> <span class='ocrx_word' id='word_1_156' title='bbox 579 2216 651 2269; x_wconf 89' lang='lat' dir='ltr'><strong>ante</strong></span> <span class='ocrx_word' id='word_1_157' title='bbox 671 2226 787 2269; x_wconf 70' lang='lat' dir='ltr'><strong>comas</strong></span> 
     </span>
    </p>

    <p class='ocr_par' dir='ltr' id='par_1_6' title="bbox 118 2290 946 2457">
     <span class='ocr_line' id='line_1_25' title="bbox 118 2290 946 2373; baseline 0.002 -23"><span class='ocrx_word' id='word_1_158' title='bbox 118 2292 271 2371; x_wconf 80' lang='lat' dir='ltr'><strong>Quicquid</strong></span> <span class='ocrx_word' id='word_1_159' title='bbox 292 2292 473 2371; x_wconf 76' lang='lat' dir='ltr'><strong>Amalthea,</strong></span> <span class='ocrx_word' id='word_1_160' title='bbox 496 2293 642 2371; x_wconf 89' lang='lat' dir='ltr'><strong>quicquid</strong></span> <span class='ocrx_word' id='word_1_161' title='bbox 659 2293 831 2373; x_wconf 86' lang='lat' dir='ltr'><strong>Marpessia</strong></span> <span class='ocrx_word' id='word_1_162' title='bbox 853 2290 946 2371; x_wconf 83' lang='lat' dir='ltr'><strong>dixit,</strong></span> 
     </span>
     <span class='ocr_line' id='line_1_26' title="bbox 159 2374 889 2457; baseline 0 -22"><span class='ocrx_word' id='word_1_163' title='bbox 159 2376 332 2457; x_wconf 89' lang='lat' dir='ltr'><strong>Herophile</strong></span> <span class='ocrx_word' id='word_1_164' title='bbox 354 2377 480 2437; x_wconf 82' lang='lat' dir='ltr'><strong>Phoebo</strong></span> <span class='ocrx_word' id='word_1_165' title='bbox 504 2384 590 2456; x_wconf 85' lang='lat' dir='ltr'><strong>grata</strong></span> <span class='ocrx_word' id='word_1_166' title='bbox 612 2374 695 2457; x_wconf 93' lang='lat' dir='ltr'><strong>qaod</strong></span> <span class='ocrx_word' id='word_1_167' title='bbox 716 2377 889 2455; x_wconf 85' lang='lat' dir='ltr'><strong>admonuit,</strong></span> 
     </span>
    </p>

    <p class='ocr_par' dir='ltr' id='par_1_7' title="bbox 118 2460 1014 2625">
     <span class='ocr_line' id='line_1_27' title="bbox 118 2460 1014 2562; baseline 0.006 -44"><span class='ocrx_word' id='word_1_168' title='bbox 118 2461 260 2539; x_wconf 78' lang='lat' dir='ltr'><strong>Quasque</strong></span> <span class='ocrx_word' id='word_1_169' title='bbox 282 2460 401 2523; x_wconf 89' lang='lat' dir='ltr'><strong>Albana</strong></span> <span class='ocrx_word' id='word_1_170' title='bbox 421 2480 522 2521; x_wconf 85' lang='lat' dir='ltr'><strong>sacras</strong></span> <span class='ocrx_word' id='word_1_171' title='bbox 546 2461 670 2521; x_wconf 84' lang='lat' dir='ltr'><strong>Tiberis</strong></span> <span class='ocrx_word' id='word_1_172' title='bbox 688 2479 745 2562; x_wconf 92' lang='lat' dir='ltr'><strong>per</strong></span> <span class='ocrx_word' id='word_1_173' title='bbox 767 2461 891 2522; x_wconf 87' lang='lat' dir='ltr'><strong>flumina</strong></span> <span class='ocrx_word' id='word_1_174' title='bbox 913 2467 1014 2523; x_wconf 90' lang='lat' dir='ltr'><strong>sortes</strong></span> 
     </span>
     <span class='ocr_line' id='line_1_28' title="bbox 157 2543 756 2625; baseline 0.002 -22"><span class='ocrx_word' id='word_1_175' title='bbox 157 2543 295 2604; x_wconf 87' lang='lat' dir='ltr'><strong>Portarit</strong></span> <span class='ocrx_word' id='word_1_176' title='bbox 317 2547 399 2605; x_wconf 88' lang='lat' dir='ltr'><strong>sicco</strong></span> <span class='ocrx_word' id='word_1_177' title='bbox 421 2545 649 2625; x_wconf 87' lang='lat' dir='ltr'><strong>pertuleritque</strong></span> <span class='ocrx_word' id='word_1_178' title='bbox 671 2546 756 2624; x_wconf 92' lang='lat' dir='ltr'><strong>sinu,</strong></span> 
     </span>
    </p>

    <p class='ocr_par' dir='ltr' id='par_1_8' title="bbox 117 2627 1166 2792">
     <span class='ocr_line' id='line_1_29' title="bbox 117 2627 1166 2709; baseline 0.003 -23"><span class='ocrx_word' id='word_1_179' title='bbox 117 2627 199 2703; x_wconf 87' lang='lat' dir='ltr'><strong>(Hae</strong></span> <span class='ocrx_word' id='word_1_180' title='bbox 219 2629 289 2688; x_wconf 88' lang='lat' dir='ltr'><strong>fore</strong></span> <span class='ocrx_word' id='word_1_181' title='bbox 312 2628 455 2689; x_wconf 84' lang='lat' dir='ltr'><strong>dixerunt</strong></span> <span class='ocrx_word' id='word_1_182' title='bbox 477 2627 554 2689; x_wconf 90' lang='lat' dir='ltr'><strong>belli</strong></span> <span class='ocrx_word' id='word_1_183' title='bbox 574 2628 653 2688; x_wconf 86' lang='lat' dir='ltr'><strong>malo</strong></span> <span class='ocrx_word' id='word_1_184' title='bbox 675 2630 778 2709; x_wconf 82' lang='lat' dir='ltr'><strong>signa,</strong></span> <span class='ocrx_word' id='word_1_185' title='bbox 800 2636 958 2707; x_wconf 87' lang='lat' dir='ltr'><strong>cometen,</strong></span> <span class='ocrx_word' id='word_1_186' title='bbox 1003 2658 1047 2707; x_wconf 64' lang='lat' dir='ltr'><strong>q,</strong></span> <span class='ocrx_word' id='word_1_187' title='bbox 1065 2648 1140 2707; x_wconf 51' lang='lat' dir='ltr'><strong>qna.</strong></span> <span class='ocrx_word' id='word_1_188' title='bbox 1163 2676 1166 2681; x_wconf 89' lang='lat'>.</span> 
     </span>
     <span class='ocr_line' id='line_1_30' title="bbox 158 2709 869 2792; baseline 0.003 -21"><span class='ocrx_word' id='word_1_189' title='bbox 158 2709 276 2772; x_wconf 85' lang='lat' dir='ltr'><strong>Multus</strong></span> <span class='ocrx_word' id='word_1_190' title='bbox 297 2714 386 2772; x_wconf 93' lang='lat' dir='ltr'><strong>utin</strong></span> <span class='ocrx_word' id='word_1_191' title='bbox 407 2720 509 2772; x_wconf 87' lang='lat' dir='ltr'><strong>terras</strong></span> <span class='ocrx_word' id='word_1_192' title='bbox 530 2712 755 2792; x_wconf 64' lang='lat' dir='ltr'><strong>deplueretque</strong></span> <span class='ocrx_word' id='word_1_193' title='bbox 776 2711 869 2792; x_wconf 89' lang='lat' dir='ltr'><strong>lapis.</strong></span> 
     </span>
    </p>

    <p class='ocr_par' dir='ltr' id='par_1_9' title="bbox 116 2796 997 2961">
     <span class='ocr_line' id='line_1_31' title="bbox 116 2796 997 2878; baseline 0.005 -24"><span class='ocrx_word' id='word_1_194' title='bbox 116 2796 219 2873; x_wconf 86' lang='lat' dir='ltr'><strong>Atque</strong></span> <span class='ocrx_word' id='word_1_195' title='bbox 238 2798 327 2857; x_wconf 88' lang='lat' dir='ltr'><strong>tubas</strong></span> <span class='ocrx_word' id='word_1_196' title='bbox 349 2801 441 2876; x_wconf 86' lang='lat' dir='ltr'><strong>atque</strong></span> <span class='ocrx_word' id='word_1_197' title='bbox 462 2817 544 2856; x_wconf 85' lang='lat' dir='ltr'><strong>armo</strong></span> <span class='ocrx_word' id='word_1_198' title='bbox 566 2797 673 2858; x_wconf 90' lang='lat' dir='ltr'><strong>ferunt</strong></span> <span class='ocrx_word' id='word_1_199' title='bbox 695 2798 891 2878; x_wconf 87' lang='lat' dir='ltr'><strong>strepitantia</strong></span> <span class='ocrx_word' id='word_1_200' title='bbox 911 2797 997 2859; x_wconf 90' lang='lat' dir='ltr'><strong>caelo</strong></span> 
     </span>
     <span class='ocr_line' id='line_1_32' title="bbox 158 2878 801 2961; baseline 0.006 -23"><span class='ocrx_word' id='word_1_201' title='bbox 158 2878 272 2939; x_wconf 86' lang='lat' dir='ltr'><strong>Audita</strong></span> <span class='ocrx_word' id='word_1_202' title='bbox 291 2887 323 2941; x_wconf 92' lang='lat' dir='ltr'><strong>et</strong></span> <span class='ocrx_word' id='word_1_203' title='bbox 343 2878 431 2940; x_wconf 86' lang='lat' dir='ltr'><strong>lucos</strong></span> <span class='ocrx_word' id='word_1_204' title='bbox 451 2882 661 2961; x_wconf 90' lang='lat' dir='ltr'><strong>praecinuisse</strong></span> <span class='ocrx_word' id='word_1_205' title='bbox 682 2882 801 2960; x_wconf 82' lang='lat' dir='ltr'><strong>fugam,</strong></span> 
     </span>
    </p>

    <p class='ocr_par' dir='ltr' id='par_1_10' title="bbox 114 2960 919 3129">
     <span class='ocr_line' id='line_1_33' title="bbox 114 2960 919 3046; baseline 0.006 -25"><span class='ocrx_word' id='word_1_206' title='bbox 114 2963 156 3022; x_wconf 82' lang='lat' dir='ltr'><strong>Et</strong></span> <span class='ocrx_word' id='word_1_207' title='bbox 177 2960 339 3024; x_wconf 87' lang='lat' dir='ltr'><strong>simulacra</strong></span> <span class='ocrx_word' id='word_1_208' title='bbox 361 2962 451 3024; x_wconf 91' lang='lat' dir='ltr'><strong>deum</strong></span> <span class='ocrx_word' id='word_1_209' title='bbox 472 2964 613 3026; x_wconf 85' lang='lat' dir='ltr'><strong>lacrimas</strong></span> <span class='ocrx_word' id='word_1_210' title='bbox 635 2964 752 3026; x_wconf 88' lang='lat' dir='ltr'><strong>fudisse</strong></span> <span class='ocrx_word' id='word_1_211' title='bbox 774 2970 919 3046; x_wconf 88' lang='lat' dir='ltr'><strong>tepentes</strong></span> 
     </span>
     <span class='ocr_line' id='line_1_34' title="bbox 157 3046 824 3129; baseline 0.006 -23"><span class='ocrx_word' id='word_1_212' title='bbox 157 3046 296 3126; x_wconf 83' lang='lat' dir='ltr'><strong>Fataque</strong></span> <span class='ocrx_word' id='word_1_213' title='bbox 317 3047 440 3110; x_wconf 86' lang='lat' dir='ltr'><strong>vocales</strong></span> <span class='ocrx_word' id='word_1_214' title='bbox 460 3051 692 3129; x_wconf 86' lang='lat' dir='ltr'><strong>praemonuisse</strong></span> <span class='ocrx_word' id='word_1_215' title='bbox 714 3052 824 3128; x_wconf 80' lang='lat' dir='ltr'><strong>boses,</strong></span> 
     </span>
    </p>

    <p class='ocr_par' dir='ltr' id='par_1_11' title="bbox 114 3131 865 3298">
     <span class='ocr_line' id='line_1_35' title="bbox 114 3131 865 3210; baseline 0.007 -22"><span class='ocrx_word' id='word_1_216' title='bbox 114 3131 215 3210; x_wconf 91' lang='lat' dir='ltr'><strong>lpsum</strong></span> <span class='ocrx_word' id='word_1_217' title='bbox 237 3133 329 3192; x_wconf 89' lang='lat' dir='ltr'><strong>etiam</strong></span> <span class='ocrx_word' id='word_1_218' title='bbox 351 3131 454 3193; x_wconf 85' lang='lat' dir='ltr'><strong>Solem</strong></span> <span class='ocrx_word' id='word_1_219' title='bbox 474 3133 629 3194; x_wconf 88' lang='lat' dir='ltr'><strong>defectum</strong></span> <span class='ocrx_word' id='word_1_220' title='bbox 651 3133 767 3195; x_wconf 90' lang='lat' dir='ltr'><strong>lumine</strong></span> <span class='ocrx_word' id='word_1_221' title='bbox 788 3133 865 3195; x_wconf 82' lang='lat' dir='ltr'><strong>vidit</strong></span> 
     </span>
     <span class='ocr_line' id='line_1_36' title="bbox 156 3215 856 3298; baseline 0.007 -25"><span class='ocrx_word' id='word_1_222' title='bbox 156 3215 287 3295; x_wconf 81' lang='lat' dir='ltr'><strong>langere</strong></span> <span class='ocrx_word' id='word_1_223' title='bbox 308 3216 461 3297; x_wconf 86' lang='lat' dir='ltr'><strong>pallentes</strong></span> <span class='ocrx_word' id='word_1_224' title='bbox 482 3217 605 3279; x_wconf 90' lang='lat' dir='ltr'><strong>nubilus</strong></span> <span class='ocrx_word' id='word_1_225' title='bbox 628 3238 723 3279; x_wconf 88' lang='lat' dir='ltr'><strong>annus</strong></span> <span class='ocrx_word' id='word_1_226' title='bbox 743 3218 856 3298; x_wconf 85' lang='lat' dir='ltr'><strong>equos)</strong></span> 
     </span>
    </p>

    <p class='ocr_par' dir='ltr' id='par_1_12' title="bbox 114 3299 940 3465">
     <span class='ocr_line' id='line_1_37' title="bbox 114 3299 940 3382; baseline 0.005 -25"><span class='ocrx_word' id='word_1_227' title='bbox 114 3299 199 3359; x_wconf 85' lang='lat' dir='ltr'><strong>Haec</strong></span> <span class='ocrx_word' id='word_1_228' title='bbox 220 3300 345 3361; x_wconf 86' lang='lat' dir='ltr'><strong>fuerant</strong></span> <span class='ocrx_word' id='word_1_229' title='bbox 367 3300 455 3362; x_wconf 90' lang='lat' dir='ltr'><strong>olim·</strong></span> <span class='ocrx_word' id='word_1_230' title='bbox 477 3302 533 3362; x_wconf 92' lang='lat' dir='ltr'><strong>sed</strong></span> <span class='ocrx_word' id='word_1_231' title='bbox 554 3304 667 3363; x_wconf 85' lang='lat' dir='ltr'><strong>talam</strong></span> <span class='ocrx_word' id='word_1_232' title='bbox 689 3304 787 3381; x_wconf 87' lang='lat' dir='ltr'><strong>mitis,</strong></span> <span class='ocrx_word' id='word_1_233' title='bbox 809 3299 940 3382; x_wconf 88' lang='lat' dir='ltr'><strong>Apollo,</strong></span> 
     </span>
     <span class='ocr_line' id='line_1_38' title="bbox 156 3381 904 3465; baseline 0.007 -23"><span class='ocrx_word' id='word_1_234' title='bbox 156 3381 301 3462; x_wconf 82' lang='lat' dir='ltr'><strong>Prodigia</strong></span> <span class='ocrx_word' id='word_1_235' title='bbox 322 3383 480 3446; x_wconf 94' lang='lat' dir='ltr'><strong>indomitis</strong></span> <span class='ocrx_word' id='word_1_236' title='bbox 501 3404 606 3464; x_wconf 86' lang='lat' dir='ltr'><strong>merge</strong></span> <span class='ocrx_word' id='word_1_237' title='bbox 626 3389 682 3447; x_wconf 86' lang='lat' dir='ltr'><strong>sub</strong></span> <span class='ocrx_word' id='word_1_238' title='bbox 704 3388 904 3465; x_wconf 88' lang='lat' dir='ltr'><strong>aequoribus,</strong></span> 
     </span>
    </p>

    <p class='ocr_par' dir='ltr' id='par_1_13' title="bbox 115 3465 994 3552">
     <span class='ocr_line' id='line_1_39' title="bbox 115 3465 994 3552; baseline 0.003 -23"><span class='ocrx_word' id='word_1_239' title='bbox 115 3465 157 3529; x_wconf 78' lang='lat' dir='ltr'><strong>Et</strong></span> <span class='ocrx_word' id='word_1_240' title='bbox 178 3487 324 3530; x_wconf 88' lang='lat' dir='ltr'><strong>succensa</strong></span> <span class='ocrx_word' id='word_1_241' title='bbox 346 3470 442 3530; x_wconf 89' lang='lat' dir='ltr'><strong>sacris</strong></span> <span class='ocrx_word' id='word_1_242' title='bbox 464 3471 599 3552; x_wconf 86' lang='lat' dir='ltr'><strong>crepitet</strong></span> <span class='ocrx_word' id='word_1_243' title='bbox 619 3473 700 3531; x_wconf 89' lang='lat' dir='ltr'><strong>bene</strong></span> <span class='ocrx_word' id='word_1_244' title='bbox 721 3468 828 3530; x_wconf 85' lang='lat' dir='ltr'><strong>laurea</strong></span> <span class='ocrx_word' id='word_1_245' title='bbox 849 3470 994 3549; x_wconf 87' lang='lat' dir='ltr'><strong>flammis,</strong></span> 
     </span>
    </p>
   </div>
   <div class='ocr_carea' id='block_1_5' title="bbox 0 0 1212 3848">
    <p class='ocr_par' dir='ltr' id='par_1_14' title="bbox 0 0 1212 3848">
     <span class='ocr_line' id='line_1_40' title="bbox 0 0 1212 3848; baseline 0 2"><span class='ocrx_word' id='word_1_246' title='bbox 0 0 1212 3848; x_wconf 95' lang='lat' dir='ltr'><strong> </strong></span> 
     </span>
    </p>
   </div>
  </div>
 </body>
</html>
