2354 3862
91 222 131 283 ab
420 218 565 279 TlBULLl
587 218 653 277 LIB.
672 218 721 278 lV.
739 232 763 283 1.

90 388 155 449 Nec
178 389 300 465 quaeris
323 386 397 466 quid
420 404 540 465 quaque
564 386 656 447 index
677 389 734 447 sub
757 388 896 468 imagine
921 390 1020 472 dicat,
1064 404 1094 458 ao

90 470 154 531 Sed
173 472 297 548 generis
318 472 438 551 priscos
461 468 624 531 contendis
645 472 772 531 vincere
794 473 955 551 honores,

90 558 187 631 tinam
207 556 264 614 tibi
286 556 418 615 maiores
439 556 535 614 maius
556 553 650 614 decus
672 556 740 634 ipse
760 556 896 617 lutaris:

90 640 132 698 :it
153 646 205 697 tna
226 658 287 699 non
310 637 419 699 titulus
439 638 541 717 capiet
562 640 619 697 sub
644 640 769 699 nomine
789 640 891 719 faeta,

91 724 229 783 fleterne
252 721 307 782 sed
330 729 422 781 erunt
443 723 500 781 tibi
522 740 630 799 magna
650 720 807 783 volumina
827 743 941 803 versu,

90 807 345 883 conuenientque
368 814 434 865 tuas
458 805 561 885 cupidi
585 824 772 886 componere
794 806 907 869 laudes
1059 820 1086 872 35

91 889 236 969 Undique
260 892 374 969 quique
397 896 509 949 canent
530 891 633 949 vineto
656 889 737 969 pede
761 892 876 971 quique
901 891 1015 953 soluto,

89 976 164 1050 Quis
185 974 306 1053 patior,
328 980 485 1034 certamen
508 975 586 1032 erit:
610 974 667 1032 sim
686 976 786 1034 victor
807 977 842 1034 in
862 974 947 1055 illis,

89 1058 128 1118 Ut
148 1064 287 1117 nostrum
310 1060 403 1117 tantis
426 1058 590 1116 inscribam
612 1076 724 1117 nomen
747 1060 779 1117 in
799 1061 887 1119 actis.

131 1142 207 1201 Nam
230 1143 298 1221 quis
320 1149 351 1201 te
373 1142 489 1201 maiora
510 1142 592 1218 gerit
613 1142 761 1201 nostrisve
782 1142 918 1203 sorore?

88 1226 153 1286 Nee
173 1231 275 1285 tamen
296 1226 347 1285 hic
369 1234 421 1285 aut
441 1226 493 1283 hic
515 1225 572 1283 tibi
591 1224 657 1284 laus
679 1227 815 1286 rnaiorve
836 1229 990 1304 minorve,
1053 1232 1076 1283 to

88 1310 170 1371 lusta
191 1311 259 1390 pari
279 1312 432 1389 premitur
453 1306 551 1367 veluti
574 1327 641 1367 cum
664 1309 804 1389 pondere
826 1308 926 1389 libra,

89 1396 191 1455 l'rana
214 1413 271 1454 nec
291 1394 347 1455 hac
367 1394 436 1473 plus
455 1399 545 1473 parte
568 1390 658 1452 sedet
679 1412 737 1453 nce
759 1396 860 1473 surgit
881 1396 919 1455 ab
941 1393 1006 1469 illa,
1103 1466 1105 1474 Ι

89 1476 211 1554 Qualis,
234 1479 430 1556 inaequatum
453 1475 622 1554 siquando
645 1496 722 1537 onas
746 1484 836 1557 urget
857 1480 1013 1558 utrinque,

90 1561 244 1622 instabilis
265 1570 350 1621 natat
372 1561 493 1621 alterno
517 1559 697 1639 depressior
719 1564 805 1621 orbe.

130 1646 207 1705 Nam
224 1664 280 1705 seu
302 1646 415 1706 diversi
437 1646 548 1704 iremat
570 1646 776 1704 inconstantia
798 1645 898 1725 vulgi,
1043 1649 1065 1700 ii
1094 1720 1097 1727 Ι

88 1730 156 1789 Non
179 1728 257 1789 alius
280 1730 389 1789 sedare
412 1735 519 1808 queat:
542 1746 597 1788 seu
618 1727 728 1789 iudicis
749 1730 797 1789 ira

89 1814 137 1873 Sit
158 1812 322 1893 placanda,
346 1815 406 1872 tuis
427 1814 545 1893 poterit
566 1813 731 1873 mitescere
752 1816 865 1873 verbis.

89 1898 156 1957 >lon
179 1897 272 1977 Pylos
296 1904 347 1957 aut
368 1898 472 1957 ithace
494 1902 597 1956 tantos
620 1898 764 1973 genuisse
786 1898 932 1959 feruntur

89 1984 220 2041 Nestora
240 1981 290 2040 acl
311 2000 422 2061 parvae
443 1999 584 2059 magnum
606 1980 700 2041 decus
722 1983 807 2041 urbis
829 1980 959 2060 fflinen,

94 2068 214 2129 Vixerit
236 2064 290 2126 ille
310 2084 406 2125 senex
429 2067 580 2144 quamviS,
604 2063 676 2125 dum
698 2072 788 2125 terna
810 2085 868 2147 per
891 2068 992 2126 orbem
1038 2063 1062 2117 ὅθ

89 2150 218 2211 Saecula
238 2148 394 2209 fertilibus
417 2150 511 2210 'l'itan
532 2149 718 2209 decurreret
739 2151 842 2224 horis,

90 2235 143 2295 ille
164 2254 221 2314 per
242 2235 363 2312 ignotas
386 2234 482 2294 audax
504 2235 656 2293 erraverit
679 2235 787 2311 urbes,

88 2320 154 2396 Qua
176 2320 267 2379 maris
288 2321 433 2379 extremis
456 2316 550 2378 tellus
571 2316 741 2377 includitur
762 2317 861 2379 undis.

88 2404 163 2463 Nam
185 2404 394 2482 Ciconumque
416 2423 520 2463 manus
543 2401 679 2462 adversis
703 2401 841 2483 reppulit
860 2404 968 2480 armis,
1103 2414 1107 2483 ξ

87 2487 151 2547 Nec
173 2486 267 2547 valuit
289 2486 371 2548 lotos
394 2495 521 2567 coeptos
540 2493 682 2547 avertere
705 2506 826 2563 cursus,
1041 2480 1063 2534 55
1104 2490 1107 2577 ξ

88 2573 190 2632 Cessit
212 2580 253 2633 et·
267 2574 423 2636 Aetnaeae
444 2572 614 2652 Neptunius
637 2569 739 2630 incola
759 2572 844 2651 rupis

87 2656 177 2716 Victa
196 2658 345 2717 Maroneo
367 2655 509 2716 foedatus
531 2655 646 2715 lumina
666 2656 801 2714 llaccho:

86 2740 180 2800 Venit
200 2747 233 2800 et
254 2740 381 2802 Aeolios
401 2739 556 2821 placidum
576 2758 634 2820 per
655 2739 758 2799 Nerea
777 2743 900 2799 ventos:

88 2822 223 2883 lncultos
248 2825 324 2886 adiit
343 2826 569 2904 Laestrygonas
591 2823 862 2902 Antiphatenquc,

88 2906 207 2967 Nobilis
227 2908 353 2969 Artacie
376 2908 478 2988 gelida
501 2928 577 2989 quos
599 2908 709 2985 irrigat
731 2906 828 2966 unda:
1044 2901 1068 2957 6⁰

88 2991 193 3052 Solum
213 3012 271 3053 nee
293 2993 402 3054 doctae
421 2998 584 3054 verterunt
605 2989 717 3073 pocula
740 2991 864 3068 GireeS,

87 3079 229 3153 Quamvis
250 3076 305 3137 illa
326 3079 409 3137 foret
432 3077 512 3138 Solis
535 3096 646 3157 genus,
670 3082 740 3155 apta
761 3074 810 3134 vel
832 3075 941 3134 herbis

87 3164 229 3242 Aptaque
249 3161 300 3222 vel
320 3169 409 3221 cantu
432 3169 555 3222 veteres
577 3168 696 3220 mutare
714 3160 842 3237 figuras:

88 3247 275 3307 Cimmerion
297 3248 389 3307 etiam
412 3248 555 3306 obscuras
578 3245 708 3305 accessit
729 3242 767 3301 ad
789 3245 885 3323 arcis,

88 3333 162 3407 Quis
183 3351 336 3410 nunquam
359 3329 510 3391 candente
530 3329 595 3390 dics
616 3328 757 3409 apparuit
774 3334 855 3403 orta,
1050 3323 1075 3380 6⁵

88 3416 149 3475 Seu
171 3435 263 3497 supra
284 3424 385 3476 terras
406 3414 550 3474 Phoebus
571 3432 625 3474 seu
648 3419 791 3471 curreret
811 3411 909 3472 inira:

88 3498 188 3575 Vidit,
209 3507 243 3560 ut
264 3502 387 3560 inferno
409 3499 551 3559 Plutonis
573 3496 696 3558 subdita
717 3514 812 3571 regno
