2414 3848
167 214 207 276 30
476 215 621 275 l'lBULLl
640 215 709 276 ΗΒ.
728 216 763 275 ll.
779 227 805 279 4.
823 230 848 280 b.

165 383 251 445 Ilaec
272 384 379 444 fecere
400 380 510 443 malas:
532 384 604 443 hinc
628 381 735 442 clavim
757 386 847 467 ianpa
868 389 965 448 sensit

207 468 248 526 Et
269 469 372 548 coepit
394 473 497 528 custos
517 465 633 526 liminis
656 485 724 526 esse
747 470 839 529 canis.

165 550 244 626 Sed,
265 553 400 631 pretium
420 552 447 610 si
468 549 584 629 grande
603 551 704 629 feras,
725 552 863 613 custodia
883 554 964 614 victa
984 561 1050 635 est,

206 635 271 694 Nec
291 637 461 715 prohibent
482 634 599 711 claves,
621 641 654 694 et
675 637 758 695 canis
776 637 844 716 ipse
865 643 957 700 tacet.

163 719 234 779 Heu
256 720 429 798 quicunque
451 716 539 778 dedit
558 719 686 778 sormam
708 718 853 781 caelestis
876 741 1002 799 avarae,
1134 734 1164 789 35

206 802 302 878 Quale
324 805 437 863 bonum
459 801 564 862 multis
584 802 689 862 attulit
710 801 767 863 ille
786 803 889 864 malis!

162 888 243 949 Hinc
264 889 356 948 fletus
377 887 523 965 rixaeque
546 894 673 963 sonant,
695 887 772 947 haec
795 887 929 967 denique
950 910 1040 951 causa

204 971 294 1031 Fecit
317 976 350 1029 ut
370 971 491 1029 infamis
510 971 561 1028 hic
582 969 658 1029 deus
680 977 763 1030 essct
779 973 883 1033 Amor.

162 1057 203 1114 At
225 1056 298 1132 tibi,
322 1074 399 1134 quae
421 1055 523 1133 pretio
548 1055 644 1113 victos
667 1053 804 1115 excludis
828 1061 980 1135 amantes,

203 1140 346 1219 Eripiunt
366 1146 469 1218 partas
489 1145 599 1196 ventus
621 1144 654 1197 et
675 1138 755 1216 ignis
779 1158 872 1218 opes:
1132 1154 1163 1207 40

162 1223 242 1297 Quin
264 1228 400 1282 tuntum
422 1222 548 1281 iuvenes
569 1227 713 1301 spectent
732 1222 876 1283 incendia
898 1222 991 1302 laeti,

202 1306 267 1366 Nec
290 1307 448 1385 quisquam
470 1306 608 1364 flammae
630 1303 756 1364 sedulus
774 1304 866 1366 addat
888 1328 1005 1387 aquam.

161 1390 222 1450 Seu
242 1391 347 1451 veniet
365 1390 423 1449 tibi
445 1408 543 1467 mora,
563 1406 621 1447 nec
643 1391 705 1448 erit
728 1390 780 1468 qui
801 1388 907 1468 lugeat
928 1391 1028 1469 ullua,

201 1474 267 1534 Nec
290 1476 341 1552 qui
364 1473 418 1532 det
439 1479 570 1533 maestas
592 1492 700 1533 munus
721 1474 752 1532 in
775 1477 928 1553 exequias.

161 1560 201 1621 At
222 1561 301 1619 bona
324 1575 401 1637 quae
424 1575 481 1617 nec
505 1577 594 1616 avara
614 1557 688 1635 fuit,
711 1563 834 1616 centum
851 1557 929 1620 licet
947 1579 1044 1621 annos
1129 1572 1159 1623 45
1194 1564 1197 1573 ⁴

201 1643 340 1719 Vixerit,
363 1640 524 1701 ardentem
547 1641 672 1701 flebitur
694 1647 765 1700 ante
786 1660 911 1719 rogum:

159 1728 262 1805 Atque
282 1724 391 1804 aliquis
411 1727 516 1785 senior
538 1731 661 1785 veteres
681 1729 847 1785 veneratus
870 1746 989 1789 amores

201 1811 310 1869 Annua
331 1815 507 1870 constructo
529 1815 613 1868 serta
636 1807 721 1869 dabit
742 1808 859 1870 tumulo

159 1893 200 1954 Et
220 1895 339 1954 ‘bene’
364 1891 526 1953 discedens
550 1893 634 1952 dicet
656 1892 860 1973 ‘placideque
884 1897 1041 1976 quiescas,

203 1977 364 2057 Terraque
387 1995 513 2037 securae
536 1978 577 2037 sit
597 1995 691 2056 super
714 1996 783 2038 ossa
803 1976 904 2040 levis?
1128 1991 1159 2043 50

158 2063 242 2123 Vera
264 2060 388 2141 quidem
407 2079 534 2138 moneo,
556 2059 614 2120 sed
635 2069 766 2140 prosunt
787 2061 863 2140 quid
883 2066 959 2125 mihi
980 2066 1077 2125 verul

200 2144 286 2206 Illius
309 2151 357 2207 est
376 2146 464 2204 nobis
486 2143 558 2224 lege
578 2144 727 2205 colendus
750 2148 854 2206 Amor.

158 2231 237 2305 Quin
259 2231 351 2290 etiam
372 2227 463 2289 sedes
483 2231 587 2289 iubeat
608 2231 635 2289 si
650 2228 786 2290 vendere
803 2233 912 2310 avitas,

198 2314 244 2374 Ite
267 2316 322 2374 sub
344 2314 507 2393 imperium
530 2315 584 2374 sub
607 2311 808 2393 titulumque,
831 2316 934 2376 Lares.

157 2397 310 2475 Quicquid
331 2399 425 2459 habet
447 2398 555 2475 Circe,
579 2396 725 2476 quicquid
746 2397 860 2459 Medea
881 2401 1008 2479 veneni,
1126 2412 1156 2463 55

199 2482 351 2560 Quicquid
374 2490 406 2542 et
426 2482 592 2542 herbarum
615 2480 766 2541 Thessala
785 2488 868 2543 terra
889 2485 987 2562 gerit,

156 2567 197 2626 Et
219 2564 316 2645 quod,
338 2566 390 2625 ubi
410 2565 568 2625 indomitis
591 2567 734 2644 gregibus
757 2567 862 2627 Venus
886 2568 971 2627 afflat
992 2588 1129 2647 amores,

198 2650 407 2729 Hippomanes
429 2648 556 2728 cupidae
580 2648 675 2710 stillat
693 2650 730 2708 ab
752 2651 877 2729 inguine
900 2671 1016 2731 equae,

157 2733 189 2794 Si
211 2733 301 2794 modo
325 2752 374 2794 me
394 2729 517 2812 placido
539 2731 642 2792 videat
659 2733 799 2793 Nemesis
821 2755 889 2795 mea
907 2734 1009 2815 uultu,

197 2816 289 2878 Mille
311 2816 385 2879 alias
407 2817 519 2877 herbas
541 2817 668 2876 misceat
686 2814 758 2895 illa,
780 2819 891 2878 bibam.
1125 2830 1158 2884 60

629 3035 670 3098 V.

154 3118 301 3231 Phoebe,
324 3154 409 3214 favo:
432 3175 527 3215 novus
548 3155 723 3234 ingreditur
746 3162 797 3215 tua
821 3154 935 3235 templa
956 3156 1119 3219 sacerdos:

195 3238 263 3298 Huc
286 3256 341 3316 age
364 3258 431 3298 cum
454 3233 571 3299 cithara
590 3241 837 3318 carminibusque
856 3241 935 3301 veni.

152 3321 239 3381 Nunc
262 3329 293 3382 te
314 3320 436 3383 vocales
458 3322 621 3402 impellere
643 3321 759 3403 pollice
783 3321 930 3400 chordas,

194 3404 282 3465 Nunc
301 3424 413 3485 precor
433 3405 469 3465 ad
492 3405 600 3466 laudes
621 3409 749 3467 flectere
771 3407 864 3465 verba
885 3424 961 3466 mea.

151 3489 221 3568 lpse
243 3488 420 3571 triumphali
440 3488 599 3551 devinctus
618 3498 758 3572 tempora
778 3487 883 3569 lauro,
1137 3496 1157 3553 b
