2414 3848
380 202 524 263 l'lBUlll
546 200 613 262 tib.
631 201 653 261 l.
671 210 697 264 7.
712 211 737 264 8

56 377 196 454 Namque
218 372 328 452 opibus
350 377 496 448 congesta
515 373 577 431 tuis
597 371 649 429 laic
670 368 776 448 glarea
798 369 874 429 dura

103 459 278 532 Sternitur,
301 455 353 513 bic
375 459 446 533 apta
466 456 603 532 iungitur
625 460 694 513 arte
716 452 802 512 silex

59 543 108 603 'Pe
130 542 213 602 canit
232 536 383 618 agricola,
405 555 423 596 e
445 556 552 617 magna
575 557 643 597 cnm
664 538 788 597 venerit
808 536 887 597 urbe

102 627 198 686 Serus
219 622 405 684 inoffensum
427 619 652 700 rettuleritque
673 620 796 701 pedem.

58 711 101 770 At
121 717 172 787 tu,
192 704 312 783 Natalis
333 703 445 764 multos
465 704 654 765 celebrande
674 722 732 785 per
754 724 865 784 annos,

104 788 276 854 Candidior
297 806 421 868 semper
443 788 666 867 candidiorque
687 789 767 847 reni.

518 1003 611 1069 VIII.

36 1092 140 1200 'Non
162 1147 219 1207 ego
239 1125 331 1189 celari
352 1148 492 1209 possum,
516 1127 591 1206 quid
612 1134 704 1187 nutus
726 1129 871 1187 amantis‘

110 1211 229 1290 Quidve
248 1213 351 1272 ferant
373 1213 441 1272 miti
462 1211 546 1272 lenia
569 1213 662 1272 verba
685 1231 769 1272 sono.

59 1296 127 1357 Nec
148 1297 224 1356 mibi
242 1303 313 1356 sunt
335 1303 438 1356 sortes
458 1315 517 1357 nec
539 1298 661 1356 conscia
681 1297 758 1356 fibra
780 1296 918 1373 deorum,

104 1380 262 1443 Praecinit
284 1386 413 1440 eventus
433 1400 493 1440 nec
515 1382 590 1440 milri
612 1387 718 1441 cantus
739 1383 818 1441 avis:

61 1475 130 1547 ipss
150 1465 257 1528 Venus
274 1465 392 1543 magico
412 1464 576 1543 religatum
597 1466 722 1524 brachia
744 1463 827 1525 uodo

101 1549 275 1610 Perdocuit
297 1546 399 1608 multis
420 1567 482 1609 non
505 1551 572 1608 sine
594 1549 787 1609 verberibus.

58 1634 175 1694 llesine
197 1630 410 1693 dissimulare:
431 1632 506 1694 deus
526 1631 684 1692 crudelius
706 1634 784 1710 urit,

102 1719 186 1794 Quos
208 1715 295 1777 videt
315 1717 427 1777 inritos
451 1719 648 1777 succubuisse
670 1718 739 1776 sibi.

59 1800 141 1878 Quid
160 1802 219 1861 tibi
240 1819 321 1859 nunc
341 1798 452 1860 molles
472 1800 602 1881 prodest
623 1800 756 1861 coluisse
779 1799 907 1881 capillos

102 1883 265 1964 Saepeque
284 1891 415 1944 mutatas
436 1883 625 1965 disposuisse
644 1904 762 1963 comas,

60 1967 142 2045 Quid
161 1969 234 2028 luco
257 1967 444 2048 splendente
465 1987 558 2048 genas
582 1988 709 2047 ornare,
734 1968 806 2048 quid
829 1987 945 2048 ungues

101 2053 240 2114 Artificis
263 2050 353 2113 docta
372 2055 567 2114 subsecuisse
587 2054 700 2114 manu?
733 2087 751 2153 q

58 2123 191 2196 Frustra
210 2136 270 2196 iam
290 2143 408 2214 vestes,
430 2138 547 2197 frustra
566 2143 722 2197 mutantur
745 2139 888 2215 amictus,

102 2220 246 2298 Ansaque
268 2238 462 2300 compressos
484 2219 606 2298 colligit
627 2229 693 2281 arta
712 2220 818 2301 pedes.

57 2301 114 2363 llla
134 2301 253 2383 placet,
277 2306 412 2383 quamvis
433 2302 551 2364 inculto
574 2307 698 2365 venerit
719 2323 775 2364 ore

101 2385 167 2447 Nec
187 2387 320 2448 nitidum
338 2387 427 2448 tarda
450 2389 617 2468 compserit
637 2395 703 2448 arte
727 2395 827 2469 caput.

57 2470 138 2531 Num
159 2475 191 2531 te
214 2473 415 2550 carminibus,
438 2492 511 2532 num
531 2477 564 2532 te
585 2470 771 2552 pallentibus
794 2473 901 2533 herbis

100 2554 231 2616 Devovit
246 2557 341 2616 tacito
360 2563 501 2637 tempore
522 2558 623 2616 noctis
642 2556 739 2616 auris?

59 2638 176 2699 Cantus
198 2640 308 2700 vicinis
326 2640 434 2720 fruges
456 2639 593 2701 traducit
615 2641 651 2700 ab
671 2641 773 2719 agris,

101 2722 217 2784 Cantus
240 2728 272 2784 et
292 2725 389 2784 iratae
412 2725 534 2786 detinet
556 2726 662 2804 anguis
683 2726 761 2801 iter,
1032 2733 1067 2784 20

59 2805 176 2867 Cantus
198 2813 232 2868 et
253 2824 272 2866 e
294 2827 386 2868 curru
409 2809 525 2870 Lunam
545 2808 702 2869 deducere
723 2814 872 2888 temptat,

99 2891 141 2952 Et
163 2891 300 2970 faceret,
323 2892 430 2953 sinon
452 2912 523 2953 aera
540 2892 665 2972 repulsa
688 2898 808 2952 sonent.

60 2972 143 3051 Quid
166 2994 281 3054 queror
302 2976 365 3036 heu
386 2979 500 3038 misero
522 2995 645 3037 carmen
660 2976 814 3054 nocuisse,
839 2972 913 3056 quid
928 2973 1065 3036 herbas?

99 3059 214 3118 Forma
231 3057 311 3119 nihil
332 3062 456 3138 magicis
477 3062 576 3121 utitur
600 3059 735 3120 auxiliis:

59 3142 123 3203 Sed
145 3162 256 3223 corpus
275 3145 417 3223 tetigisse
436 3150 546 3223 nocet,
569 3144 626 3204 sed
644 3142 738 3222 longa
759 3142 884 3204 dedisse
1032 3148 1066 3201 tt

102 3225 232 3306 Oscula
255 3227 311 3288 sed
331 3229 444 3290 femori
466 3230 661 3290 conseruisse
681 3228 791 3289 femur.

57 3310 124 3372 Nec
146 3316 180 3371 tu
203 3271 340 3373 dlfiieilis
361 3333 459 3394 puero
480 3321 584 3375 tamen
607 3332 676 3374 esse
695 3317 849 3373 memento

102 3395 324 3475 (Persequitur
344 3399 455 3477 poenis
475 3398 579 3459 tristia
598 3397 681 3457 facta
699 3394 839 3474 Venus),

59 3475 194 3540 Munera
213 3498 271 3540 uec
293 3499 420 3560 poscas.
412 3480 494 3542 ”det
514 3499 641 3543 munera
663 3499 756 3541 cenos
777 3484 913 3618 amappr,

101 3582 240 3622 rmmms.
851 3609 856 3617 -
