2414 3848
103 299 139 360 16
445 295 592 358 TIBULLI
610 298 677 358 LIB.
696 299 717 358 1.
735 308 760 364 7.

100 462 203 542 Qualis
227 470 275 543 et,
298 469 421 525 arentes
443 484 511 523 cnm
532 464 623 526 findit
642 467 741 529 Sirius
761 488 867 549 agros,

139 547 270 608 Fertilis
290 548 405 608 aestiva
426 546 513 607 Nilus
535 547 671 610 abundet
693 554 793 631 aqua?
840 613 843 618 ,

98 631 167 692 Nile
185 637 291 711 pater,
314 650 442 711 quanam
463 633 578 711 possim
602 639 633 693 te
655 631 762 695 dicere
784 656 873 698 causa

139 717 202 776 Ant
221 716 329 793 quibus
349 716 382 774 in
405 717 498 775 terris
521 714 692 778 occuluisse
714 721 828 800 caput‘i

99 799 146 858 Te
168 806 298 879 propter
318 797 423 859 nullos
443 795 537 859 tellus
558 805 611 860 tna
631 801 768 881 postulat
788 805 919 885 imbres,

140 881 236 942 Arida
257 901 315 944 neo
333 880 442 943 Pluvio
465 881 618 963 supplicat
637 887 735 946 herba
756 887 827 948 Ioui.

98 967 145 1026 'l'e
165 967 248 1026 canit
268 972 360 1046 atque
382 985 468 1027 suarm
487 968 585 1047 pubes
607 969 736 1031 miratur
757 971 870 1033 Osirim

140 1051 293 1129 Barbara,
314 1050 511 1131 Memphiten
532 1049 682 1132 plangere
705 1052 797 1115 docta
815 1057 933 1120 bovem.

97 1134 216 1193 Primus
239 1140 340 1194 aratra
361 1154 450 1194 manu
472 1132 596 1197 sollerti
617 1137 695 1197 iecit
716 1137 813 1200 Osiris

138 1219 180 1279 llt
201 1225 341 1278 teneram
363 1219 449 1278 ferro
471 1216 650 1280 sollicitauit
670 1221 811 1301 humum,

98 1302 218 1361 Primus
238 1304 419 1382 inexpertae
442 1303 594 1362 commisit
614 1305 730 1363 semina
751 1311 856 1366 terrae

139 1386 295 1465 Pomaque
316 1405 378 1445 non
399 1386 481 1445 notis
501 1382 579 1464 legit
599 1386 636 1445 ab
656 1388 826 1449 arboribus.

98 1469 157 1528 Hic
179 1468 285 1529 docuit
305 1475 445 1529 teneram
465 1466 545 1549 palis
567 1467 734 1548 adiungere
755 1472 864 1549 vitem,

139 1553 199 1613 Hic
220 1550 351 1613 viridem
373 1552 450 1612 dura
470 1551 601 1613 caedere
623 1551 704 1613 falce
727 1572 859 1616 comam:

97 1634 146 1696 illi
166 1634 315 1696 iucundos
335 1637 467 1717 primum
489 1642 607 1697 matura
628 1656 755 1717 sapores

139 1721 294 1799 Expressa
313 1718 439 1780 incultis
461 1740 517 1780 uva
538 1718 628 1780 dedit
647 1718 788 1800 pedibus.

98 1801 154 1863 ille
175 1802 278 1882 liquor
302 1803 407 1864 docuit
427 1823 519 1864 voces
540 1804 703 1865 inflectere
723 1812 829 1881 cantu,

138 1887 239 1947 Movit
259 1892 291 1947 et
313 1885 351 1946 ad
373 1893 476 1947 certos
497 1888 601 1947 nescia
622 1889 758 1948 membra
779 1886 903 1966 modos,

98 1971 235 2030 bacchus
257 1975 289 2030 et
312 1967 466 2050 agricolae
488 1989 596 2048 magno
620 1971 761 2030 conlecta
781 1968 890 2031 labore

33 2073 37 2083 ·
139 2054 270 2114 Pectora
288 2055 436 2113 tristitiae
458 2052 655 2114 dissoluenda
678 2052 772 2115 dedit.

96 2138 233 2197 Bacchus
253 2142 287 2197 et
307 2137 431 2198 afflictis
453 2138 592 2215 requiem
613 2137 792 2199 mortalibus
815 2138 924 2217 affert,

140 2221 238 2280 Crura
259 2218 337 2281 licet
358 2219 436 2281 dura
457 2220 606 2303 compede
626 2221 715 2303 pulsa
736 2229 856 2283 sonent.

96 2303 165 2366 Non
184 2305 240 2368 tibi
261 2313 333 2368 sunt
353 2310 460 2368 tristes
482 2326 574 2367 curae
595 2326 653 2368 nec
673 2304 792 2385 luctus,
815 2306 912 2385 Osiri,

140 2390 202 2452 Sed
224 2392 336 2453 chorus
357 2399 390 2452 et
408 2399 513 2451 cantus
535 2397 568 2451 et
587 2389 665 2452 levis
687 2396 775 2471 aptus
798 2410 898 2470 amor,

98 2474 161 2536 Sed
181 2476 257 2535 varii
276 2477 371 2536 flores
392 2481 425 2536 et
445 2476 532 2535 i'rons
554 2473 699 2535 redimita
721 2477 890 2554 corymbis,

137 2558 219 2618 Fusa
241 2558 297 2620 sed
319 2559 357 2632 ad
378 2567 505 2620 teneros
523 2557 609 2619 lutea
628 2557 709 2638 palla
729 2558 826 2639 pedes

97 2644 138 2703 lut
159 2642 274 2721 Tyriae
296 2649 398 2703 vertes
422 2649 454 2703 et
476 2641 573 2703 dulcis
595 2644 671 2702 tibia
691 2648 781 2703 cantu

138 2726 180 2786 Et
202 2724 279 2786 levis
302 2725 429 2787 occultis
449 2721 572 2787 conscia
593 2728 668 2786 cista
690 2726 794 2785 sacris.

97 2810 166 2869 Huc
188 2807 261 2869 ades
283 2809 322 2869 ad
343 2817 465 2871 centum
487 2809 578 2870 ludos
600 2809 792 2887 Geniumque
814 2806 937 2868 choreis

140 2893 333 2955 Concelebra
356 2900 388 2955 et
407 2892 504 2955 multo
526 2902 666 2974 tempora
687 2891 783 2952 tunde
804 2910 905 2951 mero:

98 2976 184 3037 lilius
206 2986 239 3038 et
257 2977 358 3038 nitido
380 2976 502 3038 stillent
522 2984 678 3056 unguenta
697 2974 829 3057 capillo,

140 3059 180 3121 Et
199 3064 300 3142 capite
323 3068 355 3122 et
377 3060 457 3122 collo
480 3059 586 3122 mollia
608 3067 693 3121 serta
713 3065 810 3140 gerat.

99 3146 150 3206 Sic
172 3148 276 3206 venias
297 3145 464 3206 hodierne:
487 3146 545 3206 tibi
564 3144 633 3205 dem
656 3147 734 3205 turis
756 3147 906 3222 honores,

140 3230 217 3290 Liba
237 3236 269 3290 et
289 3231 454 3312 Mopsopio
477 3229 577 3290 dulcia
599 3226 694 3290 melle
716 3229 823 3293 ieram.

100 3315 141 3374 At
160 3315 218 3374 tibi
240 3321 415 3375 succrescat
435 3313 553 3395 proles,
573 3331 650 3394 quae
673 3314 755 3374 iacta
775 3315 913 3393 parentis

142 3399 262 3478 Augeat
284 3405 316 3459 et
337 3400 419 3461 eirca
440 3405 503 3460 stet
522 3397 697 3458 veneranda
717 3415 832 3458 senem.

99 3482 163 3542 Nec
186 3488 288 3544 taceat
307 3489 504 3543 monumenta
524 3483 609 3561 viae,
634 3500 722 3558 quem
746 3479 882 3542 Tuscula
903 3479 998 3543 tellus

143 3565 343 3648 candidaque
364 3568 490 3648 antiquo
510 3565 630 3626 detinet
651 3563 731 3626 Alba
753 3565 843 3627 Lare,
