2414 3848
195 213 233 274 14
539 206 685 268 'llBULLl
703 207 771 269 ΗΒ.
788 208 809 268 Ι.
826 219 852 273 6.

233 376 382 454 Servare,
405 375 521 435 frustra
542 373 636 436 clavis
658 377 741 436 inest
759 375 888 436 foribus.

190 459 239 521 Te
261 465 366 537 tenet,
390 461 535 519 absentes
557 458 634 519 alios
652 453 788 540 suspirat
808 470 927 519 amores

232 545 273 605 nt
294 541 417 605 simulat
437 543 538 603 subito
561 541 759 603 condoluisse
783 548 883 622 caput.

189 627 231 688 At
252 628 327 689 mihi
350 625 530 692 servandam
552 625 678 687 credas:
701 646 764 687 non
786 644 874 687 saeva
897 645 1007 686 recuso

231 711 388 784 Verbera,
412 709 552 771 detracto
573 729 635 771 non
657 729 714 788 ego
735 707 837 770 vincla
857 709 979 790 pedum.

190 793 270 854 Tum
289 792 398 875 procul
419 795 543 871 obsitis,
565 795 703 874 quisquis
726 792 801 854 colit
824 802 892 855 arte
913 792 1056 874 capillos,

230 878 340 938 Effluit
360 878 458 940 effuso
481 879 530 937 cui
547 883 618 957 toga
638 877 706 939 lara
728 879 811 939 sinu:

188 961 333 1041 Quisquis
356 968 389 1022 et
408 967 566 1038 occurret,
588 981 629 1022 ne
650 962 750 1043 possit
773 963 890 1023 crimen
910 963 1046 1039 habere,

231 1045 300 1106 Stet
320 1043 444 1126 procul,
468 1052 520 1104 aut
541 1045 600 1105 alia
622 1051 685 1107 stet
703 1044 813 1126 procul
836 1053 907 1106 ante
929 1047 986 1106 uia.

189 1128 241 1188 Sic
262 1130 333 1190 fieri
356 1126 443 1190 iubet
464 1131 532 1209 ipse
554 1128 648 1207 deus,
671 1131 716 1190 sic
737 1148 846 1208 magna
868 1127 1013 1190 sacerdos

228 1213 286 1274 Est
308 1213 383 1273 mihi
404 1211 507 1273 divino
528 1214 693 1273 vaticinata
711 1232 803 1273 sono:

188 1295 289 1373 (Ilaec
311 1297 363 1358 ubi
384 1294 534 1356 Bellonae
554 1303 640 1356 motu
662 1302 711 1356 est
730 1297 859 1375 agitata,
882 1315 940 1356 nec
963 1313 1065 1355 acrem

228 1380 414 1459 Flammam,
436 1399 500 1440 non
521 1398 626 1440 amans
646 1381 778 1441 verbera
800 1385 883 1441 torta
902 1381 1006 1439 timet:

172 1448 258 1544 'lpsa
279 1465 416 1544 bipenne
439 1482 510 1524 suos
533 1463 635 1524 caedit
654 1462 790 1525 violenta
809 1462 944 1524 lacertos

230 1547 384 1626 Sanguine
403 1554 436 1607 et
458 1548 556 1609 effuso
579 1549 697 1628 spargit
716 1545 815 1609 inulta
837 1547 942 1626 deam,

188 1631 318 1710 Statque
336 1630 416 1692 latus
436 1632 572 1711 praefixa
589 1650 679 1710 veru,
702 1638 762 1692 stat
784 1634 885 1692 saucia
907 1637 1032 1711 pectus,

200 1774 203 1780 .
229 1716 271 1777 Et
291 1715 373 1774 canit
394 1722 536 1793 eventus,
559 1735 635 1794 quos
656 1714 714 1776 dea
731 1734 838 1795 magna
859 1714 990 1792 monet.)

190 1799 347 1876 ‘Parcite‚
370 1817 458 1878 quam
482 1797 616 1859 custodit
634 1800 747 1877 Amor,
768 1797 886 1860 violare
906 1796 1058 1879 puellam,

228 1881 275 1942 Nc
294 1883 399 1962 pigeat
419 1901 527 1961 magno
547 1889 618 1962 post
640 1881 786 1943 didicisse
808 1881 898 1943 malo.

188 1967 354 2044 Attigerit,
375 1963 519 2026 labentur
540 1985 632 2046 opes,
656 1973 691 2026 ut
711 1965 840 2027 vnlnere
860 1973 967 2027 nostro

230 2049 375 2129 Sanguis,
396 2056 430 2110 ut
451 2050 503 2110 bic
523 2051 624 2110 ventis
646 2048 852 2129 diripiturque
875 2051 974 2110 cinis'

187 2135 229 2194 nt
250 2134 308 2194 tibi
329 2135 434 2194 nescio
458 2154 531 2213 quas
555 2133 647 2212 dixit,
670 2152 738 2194 mea
759 2133 863 2213 Delia,
884 2153 1014 2214 poenas:

231 2217 265 2277 Si
286 2223 389 2278 tamen
411 2216 569 2296 admittas,
591 2218 632 2278 sit
648 2236 761 2298 precor
783 2216 838 2278 illa
859 2216 947 2280 levis.

187 2301 255 2361 Non
277 2319 334 2380 ego
357 2308 389 2361 tc
412 2307 542 2382 propter
562 2321 656 2382 parco
679 2303 754 2380 tibi,
777 2301 833 2362 sed
854 2309 906 2362 tua
927 2307 1024 2361 mater

228 2385 282 2446 Me
302 2391 405 2447 movet
427 2391 518 2465 utque
541 2387 602 2447 iras
624 2405 716 2447 aurea
734 2387 831 2446 vincit
850 2406 933 2447 anus.

186 2469 271 2529 Haec
292 2470 367 2529 mibi
390 2476 421 2529 te
444 2469 568 2530 adducit
588 2470 727 2531 tenebris
750 2469 908 2549 multoque
931 2470 1042 2530 timore

228 2552 394 2632 Coniungit
415 2559 535 2614 nostras
556 2551 635 2613 clam
654 2555 806 2616 taciturna
825 2574 948 2633 manns,

187 2637 273 2697 Haec
295 2636 476 2716 foribusque
497 2642 600 2696 manet
620 2644 714 2696 noctu
736 2656 785 2698 me
808 2638 898 2697 affixa
919 2635 1091 2717 proculque

230 2721 398 2799 Cognoscit
419 2721 568 2800 strepitus
590 2738 640 2780 me
662 2721 806 2780 veniente
826 2720 948 2800 pedum.

187 2803 264 2866 Vive
286 2802 340 2870 diu
361 2805 453 2882 mibi,
476 2802 575 2864 dulcis
598 2822 688 2863 anus:
710 2808 854 2885 proprios
874 2824 931 2884 ego
954 2813 1070 2882 tecum,

229 2887 277 2949 Sit
297 2887 388 2948 modo
410 2888 473 2965 fas,
494 2907 589 2948 annos
612 2888 818 2949 contribuisse
837 2888 937 2950 uelim.

187 2971 235 3032 're
257 2990 381 3052 semper
400 2978 564 3050 natamque
585 2979 666 3033 tuam
688 2977 722 3031 te
742 2980 873 3053 propter
894 2974 1016 3033 amabor

229 3055 383 3134 Quicquid
405 3058 483 3136 agit,
506 3057 627 3135 sanguis
649 3062 818 3116 esttamen
839 3055 895 3117 illa
916 3064 995 3117 tuus.

186 3140 235 3201 Sit
253 3138 343 3200 modo
367 3146 464 3218 casta,
485 3139 577 3219 dccc,
602 3141 735 3218 quamvis
758 3159 819 3200 non
840 3143 915 3201 vitta
935 3139 1045 3218 ligatos

228 3223 378 3305 Impediat
398 3227 500 3284 crines
521 3243 580 3285 nec
602 3222 681 3284 stola
700 3222 792 3302 longa
812 3224 918 3303 pedes.

185 3306 226 3369 Et
247 3309 322 3368 mibi
344 3310 407 3369 sint
427 3307 522 3369 durae
542 3305 647 3387 leges,
668 3305 794 3368 laudare
816 3327 874 3368 nec
897 3305 990 3368 ullam

230 3392 349 3453 Possim
371 3411 446 3472 ego,
467 3392 539 3470 quin
561 3390 667 3452 oculos
691 3397 816 3472 appetat
835 3391 889 3454 illa
909 3412 1012 3470 meos,

187 3475 230 3536 Et
250 3476 353 3557 siquid
370 3494 516 3558 peccasse
537 3482 643 3556 putet,
666 3474 821 3556 ducarque
842 3475 962 3556 capillis
