2414 3848
222 718 500 820 ALBII
570 719 974 833 TIBULLI

428 933 567 997 LIBER
588 932 765 998 PRIMUS.

493 1116 703 1125 ——-.-—..-

580 1265 607 1328 1.

97 1353 233 1444 Divitias
257 1381 333 1442 alius
354 1381 438 1442 fulvo
458 1382 518 1441 sibi
541 1388 690 1460 congerat
708 1396 781 1444 auro

138 1469 179 1527 ut
201 1474 307 1528 teneat
329 1463 405 1525 culti
427 1466 534 1543 iugera
554 1465 650 1528 multo
671 1465 745 1546 soli,

97 1555 195 1629 Quem
215 1549 305 1610 labor
327 1548 466 1609 assiduos
487 1550 587 1610 vicino
611 1557 730 1611 terreat
751 1552 858 1630 hosts,

139 1636 254 1695 Martia
275 1633 325 1693 oui
345 1639 469 1694 so'muos
491 1632 619 1694 elassioa
636 1633 724 1714 pulsa
745 1634 869 1713 fugent:

98 1720 151 1779 Me
173 1736 239 1777 mea
258 1725 424 1797 paupertas
443 1717 524 1778 vitae
544 1717 686 1778 traducat
707 1720 817 1796 inerti,

140 1802 217 1861 Dum
239 1819 324 1861 meus
346 1799 469 1861 assiduo
488 1799 593 1861 luceat
612 1802 685 1880 igne
707 1802 803 1862 focus.

98 1887 167 1966 lpse
189 1891 289 1945 seram
310 1890 435 1946 teneras
457 1891 576 1945 maturo
597 1891 739 1966 tempore
760 1888 838 1946 vites

137 1970 281 2030 Rusticus
305 1975 337 2029 et
358 1967 443 2029 facili
462 1966 590 2048 grandia
610 1989 700 2049 poma
721 1982 826 2030 mauu:

96 2053 161 2111 Neo
183 2071 254 2131 spes
273 2049 437 2128 destituat,
460 2051 517 2113 sed
538 2053 660 2132 frugum
683 2072 806 2133 semper
826 2074 952 2116 acervos

139 2136 291 2195 Praebeat
312 2142 345 2195 et
364 2134 458 2215 pleno
479 2138 604 2216 pinguia
625 2144 725 2198 musto
745 2137 822 2197 lacu.
1070 2154 1100 2204 ιο

98 2220 172 2279 Nam
194 2206 344 2297 veneror,
366 2238 421 2280 seu
441 2221 537 2300 stipes
557 2220 652 2281 hahet
673 2219 816 2281 desertos
837 2224 869 2282 in
892 2225 973 2300 agris

141 2303 203 2362 Seu
222 2308 310 2362 vetus
330 2304 362 2363 in
383 2304 475 2364 trivio
494 2304 592 2364 florea
614 2311 699 2364 serta
719 2304 816 2384 lapis:

96 2388 138 2447 Et
161 2385 367 2466 quodcunque
389 2387 468 2447 mihi¹
484 2406 607 2466 pomum
630 2407 726 2448 novas
749 2387 861 2448 educat
881 2407 991 2466 annus3

139 2471 280 2531 Libatum
304 2469 459 2550 agricolae
482 2471 608 2551 ponitur
628 2478 699 2532 onte
722 2471 821 2532 deum.

97 2554 188 2614 Flava
208 2556 324 2632 Ceres,
346 2556 404 2616 tibi
425 2556 466 2616 sit
486 2561 593 2622 nostro
616 2554 656 2617 de
678 2575 751 2617 rure
774 2577 887 2617 corona
1069 2572 1099 2622 15

140 2639 264 2718 Spicea,
285 2657 362 2727 quae
385 2638 493 2719 templi
515 2639 651 2720 pendeat
673 2647 745 2702 aute
762 2642 862 2701 fores:

97 2722 300 2801 Pomosisque
321 2725 416 2784 ruber
439 2730 542 2784 custos
563 2732 696 2803 ponatur
716 2727 748 2785 iu
770 2727 886 2803 hortis,

140 2806 275 2866 Terreat
295 2814 330 2867 ut
351 2827 438 2868 saeva
460 2806 540 2867 ialce
561 2808 691 2889 Priapus
713 2828 791 2870 aves.

98 2890 163 2951 Vos
186 2909 326 2969 quoque,
346 2889 448 2952 ieliois
471 2890 623 2970 quondam
645 2912 726 2952 nuno
746 2895 891 2973 pauperis
914 2898 978 2973 agri
998 2947 1000 2950 .

141 2973 310 3053 Custodes,
332 2974 423 3035 iertis
445 2978 709 3054 meroveum,
731 2976 837 3037 Lares.
1066 2990 1100 3039 20

98 3058 188 3117 'i'uno'
210 3057 306 3118 vitula
327 3060 504 3120 innumeros
522 3056 675 3120 lustrabat
696 3079 785 3121 oaesa
805 3061 965 3122 iuvencos:

139 3142 226 3202 Nunc
248 3161 324 3220 agna
344 3145 445 3222 exigui
465 3149 514 3203 est
533 3145 633 3204 hostia
654 3164 748 3224 parva
769 3142 837 3205 soli.

97 3226 185 3302 Agna
206 3222 298 3285 cadet
311 3228 420 3305 uobis,
444 3246 532 3305 quam
556 3229 670 3287 eiacum
692 3231 808 3289 rustica
827 3231 926 3309 pubes

141 3307 262 3368 Clamet
282 3310 339 3369 ‹10-
352 3328 467 3369 messes
487 3317 520 3369 ei
542 3312 620 3372 bona
641 3312 709 3372 vina
730 3311 832 3370 date’,

99 3393 157 3451 iam
179 3392 268 3452 modo
292 3412 352 3452 noo
375 3401 695 3474 possum,ooutoutus
715 3396 828 3456 oiseis
847 3409 952 3524 pomp
1097 3392 1144 3436 'tu

138 3496 278 3536 TIBULLUS.
628 3517 633 3523 -
