2414 3848
136 225 155 284 4
484 221 628 282 TlBULLI
650 220 717 282 ilo.
735 221 756 285 Ι,
774 232 800 283 2.
880 165 888 186 ο

136 389 192 457 llla
213 393 279 452 viro
303 410 406 451 coram
426 397 517 450 nutus
539 390 684 450 conferre
705 388 851 469 loquaces

177 473 356 554 Blandaque
378 475 556 556 compositis
574 472 690 535 abdere
711 474 805 533 rerba
826 475 917 536 notis.

135 559 199 620 Nec
222 559 314 620 docet
335 560 395 620 hoc
417 560 532 636 omnis,
554 557 611 618 sed
630 577 707 636 quos
725 576 783 618 nec
804 559 918 619 inertia
940 558 1043 620 tardat

176 641 240 703 Nec
262 647 346 704 vetat
368 644 500 722 obscura
518 660 647 721 surgere
669 647 761 702 nocte
782 643 885 706 timor.

136 729 182 787 lln
204 747 261 807 ego
285 747 352 788 cum
374 728 513 788 tenebris
534 733 601 786 tota
619 744 712 805 vagor
734 728 839 786 auxius
859 729 954 802 urbe,

132 896 198 956 Nec
223 897 296 955 sinit
319 902 462 957 occurrat
483 896 660 975 quisquam,
683 896 735 974 qui
757 913 888 976 corpora
907 894 994 956 ferro
1106 906 1141 960 25

175 978 329 1042 Vulneret
350 986 402 1039 aut
422 986 511 1060 rapta
529 981 667 1061 praemia
688 984 775 1040 veste
793 984 889 1060 petat.

133 1064 278 1141 Quisquis
300 1083 404 1124 amore
426 1068 568 1142 tenetur,
591 1070 643 1124 eat
661 1069 809 1143 tutusque
831 1081 980 1142 sacerque
1041 1109 1044 1114 .

175 1146 336 1224 Qualibet:
357 1147 486 1208 insidias
504 1167 569 1207 uon
590 1148 729 1208 timuisse
751 1147 852 1207 decet.

131 1230 200 1295 Non
221 1233 296 1292 mihi
315 1233 405 1312 pigra
426 1238 540 1293 nocent
558 1232 709 1293 hibernae
731 1232 848 1311 frigora
869 1232 987 1310 noctis,

173 1315 243 1376 Nou
264 1316 355 1391 mihi,
378 1335 446 1376 cum
468 1313 564 1376 multa
586 1315 704 1376 decidit
723 1317 824 1376 imber
846 1335 932 1395 aqua.
1104 1325 1140 1379 30

130 1397 200 1461 Non
222 1398 311 1461 labor
334 1401 385 1460 hic
403 1398 518 1479 laedit,
539 1407 663 1461 reseret
681 1399 772 1461 modo
794 1397 884 1460 Delia
904 1405 1010 1480 postes

174 1485 215 1544 iit
235 1491 326 1544 vocet
349 1483 388 1545 ad
409 1482 499 1563 digiti
520 1503 569 1545 me
590 1486 744 1545 taciturna
766 1503 882 1544 sonum.

131 1569 255 1628 Parcite
275 1566 458 1646 luminibus,
480 1586 536 1629 seu
557 1570 604 1629 vir
626 1587 682 1629 seu
703 1569 818 1629 femina
839 1568 894 1628 flat

174 1652 287 1712 Obvia:
311 1651 407 1713 celari
429 1651 494 1713 vult
515 1673 568 1713 sua
588 1653 673 1715 furta
691 1653 806 1716 Venus.

130 1737 197 1796 Neu
218 1737 351 1816 strepitu
373 1743 493 1797 terrete
512 1737 643 1818 pedum,
662 1755 723 1797 neu
744 1736 885 1815 quaerite
903 1754 1032 1813 nomen,
1102 1743 1137 1797 35

173 1819 241 1880 Neu
261 1839 361 1901 prope
381 1820 516 1899 fulgenti
536 1821 652 1881 lumina
673 1822 756 1881 ferte
775 1820 852 1880 face.

131 1905 235 1984 Siquis
255 1910 288 1964 et
308 1904 486 1985 imprudens
509 1905 679 1986 aspexerit,
702 1901 824 1964 occulat
843 1901 900 1963 ille

173 1989 297 2067 Perque
320 1988 395 2049 deos
417 2008 523 2049 omnes
545 2008 578 2049 se
600 1990 775 2049 meminisse
796 1994 905 2066 neget:

129 2071 205 2132 Nam
228 2073 325 2133 fuerit
348 2073 672 2153 quicunqueloquax,
694 2075 888 2151 insanguine
911 2078 1029 2149 natam,

171 2157 199 2217 ls
222 2156 378 2219 Venerem
401 2176 419 2217 e
440 2156 549 2238 rapido
572 2158 688 2218 sentiet
710 2175 780 2217 esse
803 2160 889 2220 mari.
1101 2165 1136 2217 40

129 2239 194 2301 Nec
217 2247 318 2303 tamen
340 2242 413 2302 huic
435 2241 545 2302 credet
567 2243 698 2302 coniunx
719 2247 806 2319 tuus,
828 2248 864 2302 ut
883 2241 959 2301 mihi
981 2258 1072 2301 verax

171 2322 317 2385 Pollicita
340 2333 388 2386 est
409 2327 526 2405 magico
549 2343 620 2405 saga
641 2326 823 2387 ministerio.

130 2409 218 2469 llauc
241 2428 298 2488 ego
322 2408 361 2470 de
383 2408 469 2472 caelo
492 2408 656 2471 ducentem
678 2408 781 2470 sidera
803 2406 884 2485 vidi,

171 2492 323 2558 Fluminis
343 2494 420 2554 haec
441 2493 542 2574 rapidi
565 2494 699 2554 carmine
718 2494 813 2554 vertit
832 2495 911 2570 iter,

64 2576 69 2584 ’
129 2578 216 2637 llaec
238 2584 328 2637 cantu
345 2577 498 2656 finditque
520 2574 618 2639 solum
637 2578 809 2657 Manesque
832 2573 984 2657 sepulcris
1101 2586 1134 2639 45

172 2658 269 2722 Elicit
291 2669 323 2721 et
344 2661 452 2742 tepido
475 2659 604 2722 devocat
626 2682 694 2722 ossa
712 2680 805 2741 rogo:

129 2745 191 2806 lam
215 2752 304 2805 tenet
322 2746 461 2807 infernas
483 2747 602 2825 magico
624 2745 761 2806 stridore
784 2750 938 2824 catervas,

172 2830 233 2889 lam
256 2830 342 2889 iubet
364 2848 504 2910 aspersas
525 2827 608 2892 lacte
627 2831 752 2891 referre
774 2828 897 2910 pedem.

131 2914 209 2974 Gum
229 2912 324 2991 libet,
343 2915 421 2974 haec
443 2915 526 2975 tristi
549 2912 683 2995 depellit
703 2914 808 2975 nubila
830 2911 934 2973 caelo:

173 2999 250 3059 (ium
270 2995 366 3077 libet,
388 3000 503 3058 aestivo
525 3005 673 3060 convocat
694 3001 770 3059 orbe
792 2999 888 3059 nives.
1102 3007 1136 3058 50

130 3080 205 3141 Sola
224 3088 336 3142 tenere
357 3081 452 3143 malas
473 3082 607 3143 Medeae
630 3080 743 3143 dicitur
763 3084 893 3159 herbas,

173 3163 247 3226 Sola
265 3166 352 3226 feros
374 3167 512 3227 Hecatae
531 3166 745 3246 perdomuisse
762 3165 866 3228 'canes

130 3251 215 3310 llaec
236 3251 312 3310 mihi
331 3253 502 3332 composuit
524 3257 647 3329 cantus,
671 3252 738 3329 quis
759 3248 872 3312 fellere
892 3268 1014 3331 posses:

174 3334 239 3395 Ter
261 3354 351 3413 cane,
373 3340 424 3396 te'r
447 3334 538 3396 dictis
560 3333 676 3415 despue
695 3335 887 3397 carminibus.

121 3416 186 3477 ille
203 3417 285 3477 nibil
304 3421 427 3498 poterit
448 3418 487 3480 de
507 3421 598 3480 nobis
619 3418 751 3480 credere
773 3420 931 3501 cuiquam,
1103 3429 1135 3479 55

145 3499 223 3556 Non
244 3503 324 3581 sibi,
346 3506 378 3565 si
396 3506 431 3566 in
454 3503 545 3568 molli
568 3502 685 3568 viderit
701 3506 772 3588 ipse
792 3511 874 3565 toro.
