2414 3848
97 208 138 270 20
447 207 592 267 TlssUbbl
612 207 681 267 ΗΒ.
698 207 720 268 Ι.
738 217 764 272 9.

97 376 167 455 lpse
187 372 263 436 deus
285 376 378 435 tacito
400 376 543 457 permisit
562 360 667 452 lin'gua
685 377 844 453 ministro,

138 457 259 519 Ederet
279 463 313 517 ut
336 457 432 520 multa
453 457 556 520 libera
574 460 669 519 verba
690 478 791 521 mera:

96 543 166 622 ipse
189 541 264 602 deur
287 562 392 604 somno
416 543 548 604 domitos
570 543 715 605 emittere
737 563 843 606 vocem

139 627 230 686 lussit
251 632 285 687 et
303 628 418 687 invites
438 628 521 687 iacta
541 626 677 705 tegenda
697 625 807 708 loqui!

97 710 184 770 Haec
202 729 259 789 ego
283 708 439 772 dicebam:
460 730 542 771 nunc
564 729 613 771 me
632 712 755 773 flevisse
776 709 974 793 loquentem,

139 793 228 854 Nunc
248 791 346 875 pudet
369 795 407 856 ad
428 800 556 856 teneros
578 797 780 876 procubuisse
802 795 909 877 pedes.

98 878 186 938 Tunc
206 879 282 938 mihi
302 881 425 940 iurabas
446 877 563 939 nullius
584 877 687 941 divitis
709 881 776 941 auri

138 961 298 1041 Pondere,
320 982 383 1023 ncn
405 965 548 1043 gemmis,
567 963 705 1025 vendere
726 962 813 1025 velle.
829 962 940 1044 fidem,

96 1044 164 1107 Non
184 1047 242 1105 tibi
262 1047 289 1106 si
308 1049 444 1126 pretium
467 1049 633 1128 Campania
651 1055 736 1109 terra
759 1048 902 1126 daretur,

138 1127 206 1189 Non
227 1130 284 1191 tibi
306 1132 333 1191 si
353 1132 466 1193 Bacchi
489 1152 562 1193 cura
582 1130 735 1193 Falernus
757 1151 840 1211 ager.

97 1211 163 1273 illis
186 1215 327 1294 erIperes
348 1217 452 1276 verbis
473 1216 549 1275 mihi
571 1213 676 1275 sidera
695 1214 773 1274 caeli

138 1298 260 1359 Lucere
281 1305 314 1359 et
331 1319 423 1378 puras
444 1296 583 1358 fulminis
606 1316 675 1356 esse
697 1299 771 1357 vias.

98 1380 180 1457 Quin
202 1383 294 1441 etiam
315 1384 429 1442 flebas:
453 1389 484 1441 at
504 1400 568 1441 nun
590 1399 647 1458 ego
666 1378 781 1440 fallere
799 1379 907 1439 doctus

140 1465 315 1543 Tergebam
336 1467 500 1526 humentes
523 1462 669 1525 credulus
690 1483 789 1544 usque
811 1482 914 1542 genas.

97 1547 180 1626 Quid
200 1549 326 1628 faciam,
346 1551 407 1609 uisi
429 1555 462 1609 et
484 1551 551 1629 ipre
572 1549 657 1609 fores
678 1550 711 1608 in
733 1566 836 1608 amore
858 1546 1002 1628 puellae?

139 1631 203 1693 Sed
223 1652 336 1713 precor
356 1631 498 1713 exemplo
521 1631 658 1692 sitieris
677 1630 732 1693 illa
752 1638 816 1692 tua.

97 1717 123 1777 0
147 1718 307 1795 quotiens,
329 1718 489 1778 verbisne
512 1717 670 1796 quisquam
694 1717 834 1777 conscius
856 1725 955 1795 esset,

136 1801 206 1880 lpse
226 1819 329 1861 comes
350 1798 447 1862 multa
468 1800 584 1861 lumina
604 1806 697 1861 necte
717 1799 791 1860 tuli!

97 1885 197 1963 Saepe
218 1886 391 1964 insperanti
413 1886 498 1945 venit
519 1885 577 1944 tibi
599 1902 727 1945 munere
748 1891 855 1945 nostro

138 1969 180 2027 Et
199 1966 292 2028 latuit
313 1967 430 2031 clausas
449 1973 521 2049 past
540 1967 691 2049 adoperta
709 1970 804 2028 fores.

98 2051 178 2111 Tum
200 2053 293 2111 miser
314 2053 436 2131 interii,
457 2049 554 2115 stulte
578 2053 710 2113 confisus
732 2053 842 2111 amari:

139 2135 214 2195 Nam
235 2141 375 2215 poteram
397 2136 437 2197 ad
457 2136 586 2217 laqueos
608 2138 727 2196 cautior
749 2154 819 2196 esse
841 2141 920 2195 tuas.

98 2220 289 2296 Quinetiam
310 2222 441 2281 attonita
461 2219 569 2281 laudes
591 2222 648 2281 tibi
670 2227 775 2280 mente
798 2221 957 2301 canebam,

139 2304 182 2363 Et
199 2323 249 2364 me
270 2324 351 2365 nunc
372 2306 472 2366 nostri
493 2304 713 2385 Pieridumque
734 2302 840 2384 pudet.

96 2386 154 2450 Illa
175 2386 266 2456 velim
287 2387 395 2469 rapida
416 2387 572 2451 Vulcanus
595 2391 728 2449 carmina
748 2390 868 2448 flamma

142 2472 278 2532 Terreat
298 2478 331 2533 et
349 2472 469 2553 liquida
491 2471 595 2534 deleat
615 2475 711 2534 amnis
733 2492 819 2553 aqua.
890 2494 893 2500 ’
1069 2480 1106 2532 50

99 2555 149 2615 Τιι
170 2555 280 2636 procul
303 2558 376 2617 hinc
398 2559 495 2635 absis,
517 2559 566 2616 cui
587 2557 717 2617 formam
739 2555 875 2616 uendere
898 2575 970 2615 cura
991 2559 1040 2615 est

140 2640 182 2698 Et
201 2642 337 2720 pretium
358 2639 453 2721 plena
474 2637 591 2718 grande
612 2642 736 2701 referre
759 2659 857 2700 manu.
888 2656 891 2661 “

98 2725 141 2784 At
161 2729 212 2799 te,
233 2725 285 2801 qui
306 2742 437 2804 puerum
459 2722 547 2782 donis
570 2741 770 2803 corrumpere
793 2742 827 2783 es
849 2741 953 2801 ausus,

140 2804 253 2866 Rideat
272 2806 403 2868 assiduis
424 2826 501 2867 uxor
521 2805 620 2866 inulta
642 2804 737 2884 dolis,

98 2891 140 2952 Et
163 2909 230 2949 cum
251 2890 365 2952 furtivo
386 2892 528 2952 iuvenem
548 2888 711 2951 lassaverit
730 2909 803 2967 usu,

142 2973 260 3033 Tecum
281 2975 467 3055 interposita
486 2972 632 3053 languida
650 2981 737 3035 veste
761 2975 861 3036 cubet.

101 3057 230 3137 Semper
252 3059 315 3119 sint
336 3065 465 3119 externa
484 3064 537 3118 tuo
559 3060 688 3139 vestigia
704 3057 807 3136 lecto,

141 3141 183 3200 Et
203 3148 309 3221 pateat
328 3142 447 3224 cupidis
469 3161 592 3224 semper
613 3150 719 3224 aperta
741 3141 864 3203 domus:

98 3224 165 3284 Nec
185 3223 299 3287 lasciva
320 3246 409 3288 rerer
432 3224 552 3287 dicatur
572 3226 662 3308 plura
680 3228 796 3287 bibisse

142 3307 258 3369 Pocula
277 3310 328 3371 vel
348 3309 456 3391 plures
478 3312 647 3372 emeruisse
669 3313 762 3371 viros.
1071 3318 1108 3372 60

100 3390 187 3452 illam
208 3412 301 3475 saepe
323 3395 430 3456 ierunt
451 3396 588 3456 convivia
609 3394 723 3455 ducere
744 3394 881 3472 Baccha,

133 3475 215 3537 Dum
236 3485 307 3539 rota
326 3478 468 3542 Luciferi
486 3486 636 3562 provocet
658 3486 726 3540 orta
748 3477 844 3556 diem:
