2414 3848
411 210 555 271 PlBULLI
576 211 644 270 tin.
662 211 709 270 lV.
727 223 753 274 2.
771 221 796 275 3.

581 443 654 535 11*

102 554 244 668 Sulpicia
267 594 315 647 est
337 590 395 648 tibi
417 585 499 649 culta
521 590 599 666 tuis,
620 589 706 648 Mars
728 607 854 668 magne,
874 587 1032 651 kalendis:

142 674 319 751 Spectatum
341 691 358 731 e
381 671 486 751 caelo,
508 673 534 732 si
556 674 656 752 sapia,
678 673 745 752 ipse
766 674 846 732 veni.

100 760 168 818 Hoc
191 756 297 818 Venus
319 757 472 834 ignoscet:
496 762 527 815 at
549 763 598 835 tu,
620 752 772 833 violente,
793 762 898 816 caveto

139 841 185 900 Ne
208 841 265 898 tibi
288 840 411 898 miranti
433 841 567 918 turpiter
589 859 672 899 arma
693 839 811 898 cadant.

101 924 185 985 illins
208 942 245 982 ex
267 922 381 1000 oculis,
404 942 470 982 cum
492 922 558 982 vult
579 941 711 983 exurere
733 921 837 1001 divos,
1030 937 1032 941 ’
1056 1000 1058 1004 ³
1086 931 1103 984 5

141 1005 294 1068 Accendit
315 1007 450 1085 geminas
472 1004 628 1086 lampadas
652 1025 723 1066 acer
745 1007 850 1066 Amor.

99 1090 200 1168 lllam,
221 1089 367 1169 quicquid
387 1090 465 1167 agit,
489 1109 610 1169 quoquo
632 1091 761 1168 vestigia
782 1091 891 1167 movit,

141 1176 304 1254 compo-nit
326 1174 434 1233 furtim
455 1174 713 1252 subsequiturque
737 1174 845 1233 Decor.

28 1324 29 1327 Ἴ
100 1259 161 1319 Seu
183 1257 274 1318 solvit
293 1259 412 1334 crines,
431 1257 507 1316 fusis
525 1256 617 1318 decet
640 1276 709 1318 esse
732 1254 868 1337 capillis:

143 1343 204 1402 Seu
226 1343 372 1421 compsit,
396 1342 526 1421 comptis
548 1348 597 1401 est
615 1341 794 1402 'veneranda
816 1341 920 1401 comis.
1072 1347 1105 1401 10

99 1428 187 1501 Urit,
210 1444 264 1485 seu
285 1425 383 1504 Tyria
403 1422 502 1484 voluit
522 1423 696 1503 procedere
718 1423 817 1504 palla:

141 1511 229 1586 Urit,
250 1528 305 1568 seu
322 1509 411 1568 nivea
432 1505 563 1567 candida
582 1513 669 1568 veste
691 1510 784 1569 venit.

100 1591 187 1651 Talis
209 1593 242 1650 in
264 1597 390 1651 aeterno
412 1590 487 1651 felix
508 1591 698 1653 Vertumnus
720 1589 853 1672 Olympo

141 1673 233 1735 Mille
255 1676 349 1735 habet
371 1681 512 1753 ornatus,
534 1673 618 1734 mille
638 1673 788 1735 decenter
808 1675 912 1735 habet.

100 1758 173 1818 Sola
193 1757 366 1837 puellarum
389 1756 480 1859 digpa
501 1764 565 1835 est,
586 1760 635 1818 cui
657 1757 762 1818 mollia
783 1761 862 1819 caris
1073 1768 1107 1820 15

140 1841 270 1904 Vellera
291 1840 345 1901 det
366 1843 464 1902 succis
486 1842 533 1901 bis
553 1840 724 1902 madefacta
748 1843 950 1921 Tyrum

99 1925 337 2005 Possideatque,
359 1917 449 1985 metit
467 1924 613 2004 quicquid
634 1927 714 1986 bene
737 1926 905 2013 olentibus
915 1926 994 1986 arvis

141 2009 250 2070 Cultor
268 2009 414 2070 odoratae
437 2007 523 2068 dives
541 2011 641 2069 Arabs
661 2011 775 2087 segetis

99 2095 141 2154 Et
163 2111 358 2172 quascunque
380 2095 470 2170 niger
491 2092 586 2151 rubro
610 2090 650 2151 de
672 2091 767 2153 litore
790 2112 922 2172 gemmus

10 2203 13 2218 ι
140 2176 300 2236 Proximus
321 2177 395 2235 Eois
417 2173 537 2253 colligit
557 2173 650 2234 Indus
673 2177 768 2254 aquis.
1070 2185 1106 2238 20

98 2261 185 2320 Hanc
207 2280 276 2339 vos,
298 2258 457 2337 Pierides,
473 2258 567 2333 ,iestis
591 2265 714 2319 cantate
728 2259 898 2341 kalendis,

139 2345 180 2403 nt
202 2342 378 2404 testudinea
396 2343 523 2402 Phoebe
544 2343 677 2422 superbe
699 2341 777 2422 lyra.

97 2429 165 2487 Hoc
186 2426 323 2488 solemne
343 2445 479 2487 sacrum:
501 2423 613 2485 multos
634 2426 695 2486 hoc
717 2435 817 2488 sumet
835 2428 867 2486 in
885 2447 993 2500 annos:

140 2511 268 2590 Dignior
288 2517 337 2571 eat
355 2516 458 2571 vestro
480 2507 567 2569 nulla
586 2508 689 2590 puella
712 2512 816 2571 choro.

497 2652 704 2662 m

568 2758 632 2822 III.

97 2838 199 2932 Parce
221 2892 288 2934 meo
311 2875 432 2953 iuveni,
456 2893 511 2947 seu
532 2876 599 2954 quis
621 2876 702 2935 bona
722 2893 835 2955 pascua
856 2873 955 2952 campi

139 2957 200 3016 Seu
223 2955 299 3017 colis
321 2959 457 3019 umbrosi
480 2956 570 3018 devia
590 2960 703 3019 montis
727 2976 818 3039 aper,

96 3041 160 3100 Nec
183 3042 240 3100 tibi
261 3042 302 3100 sit
323 3038 417 3102 duros
440 3043 589 3103 acuisse
579 3062 612 3101 ιιι
630 3041 749 3121 praelia
773 3040 899 3119 dentes,

137 3125 322 3187 incolumem
345 3131 447 3186 custos
467 3126 549 3186 hunc
570 3127 644 3186 mihi
664 3132 769 3187 servet
790 3126 894 3186 Amor.

97 3207 159 3267 Sed
180 3208 290 3288 procul
309 3208 433 3271 abducit
454 3208 585 3270 venandi
607 3208 697 3270 Delia
720 3230 808 3270 cura.
1084 3211 1099 3266 t

138 3292 164 3351 0
185 3300 316 3372 pereant
334 3293 445 3368 silvae,
468 3294 675 3373 deficiantque
698 3295 803 3354 canes!

97 3376 171 3452 Quis
190 3377 278 3437 furor
301 3384 365 3456 eat,
387 3398 464 3457 quae
482 3398 588 3456 mens,
611 3377 724 3440 densos
744 3375 889 3456 indagine
912 3371 1009 3435 colles

137 3459 340 3575 claudentem
362 3469 484 3524 teneras
506 3463 634 3524 laedere
654 3460 737 3522 velle
760 3459 904 3597 ιιιιιιιιιιξἰ
