2414 3848
432 192 576 254 TlBUbLl
597 193 664 252 LlB.
682 193 717 252 11.
733 202 759 254 3.
1066 189 1105 249 27

98 367 128 428 Ο
147 385 224 444 cgo,
246 382 314 423 cum
336 363 506 504 aspicerem
526 360 695 441 dominam,
716 382 806 442 quam
825 362 951 421 sortiter
971 359 1036 421 illic
1089 368 1106 421 5

144 450 312 512 Versarcm
335 465 371 506 va
385 444 437 504 ido
456 446 571 525 pingue
592 444 720 507 bidente
740 446 838 506 solum

100 529 331 612 Agricolaeque
355 527 447 589 modo
469 547 592 588 currum
611 537 750 590 sectarer
772 537 924 605 aratrum,

143 617 223 676 Dum
244 615 390 691 subigunt
412 611 536 672 steriles
556 633 627 673 srva
647 613 781 674 serenda
802 613 911 673 bores!

102 700 170 761 Nec
192 716 362 778 quererer,
386 695 468 775 quod
491 695 537 755 sol
560 697 690 774 graciles
713 703 859 758 exureret
880 703 980 772 artus,

144 781 303 842 haederet
324 787 356 840 et
377 787 501 839 teneras
521 780 644 858 pustula
664 788 755 860 rupta
773 800 887 841 manus.
1074 786 1109 840 10

99 868 190 929 Parit
212 872 246 925 ct
264 864 389 924 Adrn'eti
408 870 512 923 tauros
534 863 687 924 formosus
706 862 836 945 Apollo,

143 950 208 1010 Nec
231 950 349 1009 cithara
369 949 510 1008 intonsae
531 948 754 1026 profueruntue
775 966 897 1024 comae,

96 1034 168 1096 'Nec
188 1034 290 1113 potuit
314 1051 402 1091 curas
425 1050 533 1091 sanare
555 1029 729 1092 salubribus
750 1033 872 1092 herbis:

147 1114 301 1194 Quicquid
324 1121 391 1175 erat
410 1112 549 1174 medicae
568 1117 686 1174 uicerat
708 1118 782 1176 artis
807 1135 899 1175 amor.

103 1203 173 1282 Ipse
196 1200 272 1260 deus
293 1197 403 1260 solitus
421 1198 550 1258 stabulis
573 1197 732 1279 expellere
753 1219 858 1259 uaccas

100 1369 143 1430 Et
165 1370 300 1428 miscere
319 1386 397 1426 novo
422 1365 563 1426 docuisse
584 1364 710 1444 coagula
730 1367 828 1443 lacte,

144 1449 301 1512 *Lacteus
323 1457 356 1510 ct
376 1451 487 1510 mixtus
510 1450 681 1528 obriguisse
701 1450 813 1529 liquor.

99 1537 183 1596 'l'um
205 1532 326 1596 fiscella
345 1532 409 1594 levi
431 1533 555 1593 detexta
578 1540 627 1592 cst
648 1535 761 1593 vimine
783 1536 882 1611 iunci,
1075 1541 1107 1593 15

143 1620 286 1698 Raraque
307 1637 365 1699 per
386 1636 482 1677 nexus
505 1623 554 1677 est
574 1618 623 1676 via
643 1618 725 1677 facta
747 1637 828 1678 sero.

100 1704 129 1763 Ο
152 1704 295 1781 quotiens
314 1701 371 1761 illo
392 1700 522 1762 vitulum
545 1705 686 1778 gestante
705 1720 764 1780 per
786 1721 875 1779 agros

144 1786 266 1846 Dicitur
288 1804 454 1846 occurrcns
474 1785 635 1845 erubuisse
657 1787 762 1844 soror!

104 1871 133 1930 Ο
160 1871 303 1948 quoticns
325 1888 432 1947 ausae,
456 1875 582 1928 caueret
603 1866 674 1928 dum
695 1867 777 1929 valle
800 1871 855 1928 sub
878 1868 955 1944 alta,

142 1954 298 2032 Rumpere
319 1955 436 2031 mugitu
458 1953 592 2013 carmina
615 1950 705 2013 docta
727 1954 836 2014 boues!
995 1996 999 2001 -
1075 1958 1109 2011 20

100 2037 202 2117 Saepe
226 2036 320 2097 duces
344 2035 476 2116 trepidis
497 2036 620 2117 petiere
633 2036 766 2097 'oracula
788 2038 898 2111 robus,

143 2120 240 2183 Venit
261 2127 294 2180 et
315 2141 333 2180 a
352 2119 478 2199 templis
500 2120 590 2179 irrita
611 2121 702 2179 turba
724 2120 863 2180 domum:

101 2205 202 2284 Saepe
224 2204 357 2264 horrere
379 2223 483 2263 sacros
502 2201 601 2262 doluit
620 2203 738 2264 Latona
760 2201 903 2283 capillos,

144 2290 227 2366 Quos
251 2287 399 2347 admirata
421 2293 469 2347 est
489 2289 557 2367 ipsa
577 2306 709 2348 noverca
730 2289 826 2367 prius.

101 2373 250 2450 Quisquis
271 2373 508 2450 inornatumque
529 2378 620 2450 caput
641 2374 806 2451 crinesque
829 2369 946 2430 solutos
1074 2376 1107 2426 25

143 2456 327 2535 Aspiceret,
346 2454 467 2515 Phoebi
489 2461 656 2534 quaereret
676 2454 731 2515 ille
755 2474 880 2514 comam.
1048 2487 1053 2497 ·

99 2538 196 2600 Bclos
218 2539 272 2598 ubi
290 2557 389 2614 nunc,
412 2538 556 2616 Phoebe,
578 2545 630 2598 tus
653 2544 716 2617 est,
736 2540 789 2599 ubi
809 2538 962 2617 Delphica
981 2536 1083 2614 Pytho
1091 2534 1107 2592 ’ἒ

141 2621 260 2702 Nempe
281 2642 366 2682 aanor
385 2624 418 2681 in
437 2642 529 2702 parva
551 2627 584 2681 te
605 2623 692 2682 iubet
714 2642 782 2684 esse
802 2642 878 2682 casa.

98 2706 224 2768 Felices
244 2705 336 2785 olim,
358 2707 478 2768 Veneri
499 2727 567 2766 cum
586 2707 688 2767 fertur
711 2714 819 2788 aperte

144 2789 270 2849 Servirc
293 2796 437 2850 aeternos
457 2809 520 2850 non
542 2789 687 2869 puduisse
710 2790 794 2852 deos.
996 2809 999 2813 ’
1073 2794 1107 2846 30

101 2872 222 2935 Fabula
245 2892 326 2934 nunc
347 2873 403 2932 ille
426 2881 490 2934 est:
515 2873 570 2933 scd
592 2876 641 2934 cui
664 2895 717 2935 sua
739 2896 812 2935 cura
830 2872 936 2953 puella
958 2877 1021 2947 cst,

144 2954 265 3018 Fabula
288 2958 329 3016 sit
350 2957 465 3017 mavult
487 2977 576 3038 quam
596 2960 664 3018 sine
688 2978 792 3020 amore
814 2957 899 3018 deus.

100 3043 143 3102 At
163 3048 214 3118 tu,
237 3042 374 3120 quisquis
396 3043 423 3101 is
446 3059 496 3120 es,
518 3043 566 3101 cui
584 3044 667 3102 tristi
689 3043 794 3106 fronte
817 3038 937 3120 Cupido

142 3125 279 3205 Imperat
300 3131 336 3184 ut
355 3132 461 3185 nostra
484 3128 545 3244 sint
567 3133 619 3185 tua
642 3134 742 3247 castga
764 3126 870 3203 domo,
968 3170 971 3176 .

99 3293 218 3353 Ferrea
239 3313 301 3353 non
322 3293 488 3370 Venerem,
509 3293 565 3353 sed
586 3254 742 3374 praedam,
766 3292 887 3353 saecula
907 3287 1049 3350 laudant:
1070 3296 1105 3350 ut

143 3374 262 3436 Praeda
279 3382 382 3436 tamen
402 3375 507 3437 multis
527 3385 575 3438 cst
598 3387 724 3457 operata
745 3377 842 3440 malis.

98 3458 219 3519 Praeda
240 3459 325 3519 feras
349 3461 431 3521 acics
454 3463 549 3524 cinxit
572 3460 766 3525 discordibus
787 3465 896 3523 armis:
