2414 3848
407 195 552 258 TlBULLl
571 195 767 264 11111111..
1043 201 1084 264 49
1159 267 1162 274 ,

76 369 171 446 Impia
191 384 251 426 nec
273 366 371 426 saevis
393 363 555 426 celebrans
574 363 711 425 convivia
731 368 846 427 mensis

76 451 192 512 Ultima
212 450 330 510 vicinus
351 449 479 509 Phoebo
500 455 590 509 tenet
612 467 682 508 arva
703 447 858 511 Padaeus:
1036 462 1086 516 145

77 537 203 613 Quaque
224 534 349 594 Hebrus
372 532 547 613 Tanaisque
566 532 662 594 Getas
683 533 764 611 rigat
786 541 877 613 atque
899 536 1060 618 Magynos,

77 618 158 695 Quid
179 617 307 678 moror?
326 617 467 678 Oceanus
489 623 585 696 ponto
609 636 669 696 qua
690 619 832 678 continet
848 621 971 699 orbem,

75 700 169 762 Nulla
188 703 245 762 tibi
268 700 405 761 adversis
427 703 515 780 regio
539 720 609 762 sese
631 701 746 762 offeret
767 703 868 764 armis.

77 786 124 845 Te
146 792 249 846 manet
270 786 402 845 invictus
423 784 560 845 Romano
583 785 688 846 Marte
712 787 875 847 Britannus

77 870 187 948 'l'cque
209 869 376 928 interiecto
398 869 502 937 mnndi
525 888 597 948 para
618 867 718 930 altera
736 868 813 931 sole.
1036 885 1087 937 150

76 953 152 1012 Nam
176 953 359 1012 circumfuso
380 954 521 1012 consistit
541 954 574 1012 in
596 971 669 1014 aere
690 951 786 1014 tellus

76 1038 118 1098 Et
141 1038 276 1116 quinque
297 1036 330 1095 in
351 1043 457 1116 partes
479 1043 546 1096 toto
568 1036 743 1118 disponitur
765 1040 851 1098 orbe.

76 1122 180 1200 Atque
202 1119 281 1180 duae
303 1117 406 1199 gelido
425 1126 583 1181 vastantur
603 1122 723 1201 frigore
744 1140 884 1204 semper:

77 1203 143 1264 lllic
165 1211 198 1264 ct
220 1203 316 1264 densa
337 1201 431 1264 tellus
454 1204 653 1266 absconditur
673 1207 798 1284 umbra,

77 1290 119 1350 Et
139 1286 226 1348 nulla
245 1290 371 1369 incepto
391 1287 566 1368 perlabitur
587 1287 669 1350 unda
688 1288 831 1370 liquore,
1037 1303 1086 1355 155

78 1371 142 1433 Sed
163 1371 273 1432 durata
292 1374 375 1451 riget
397 1370 522 1433 densam
543 1374 575 1433 in
598 1372 791 1453 glaciemque
814 1375 993 1454 niuemque,

78 1458 199 1537 Quippe
221 1456 274 1516 ubi
296 1475 359 1517 non
379 1475 512 1534 unquam
535 1456 629 1517 Titan
646 1476 740 1538 super
763 1460 865 1536 egerit
886 1466 982 1519 ortus.

78 1541 120 1600 At
141 1537 242 1600 media
264 1538 314 1600 eat
334 1541 455 1601 Phoebi
477 1558 602 1620 semper
621 1543 760 1602 subiecta
783 1540 896 1620 calori,

79 1624 140 1684 Seu
159 1625 288 1705 propior
308 1625 404 1685 terris
425 1625 573 1686 aestivum
592 1625 695 1686 fertur
714 1626 747 1685 in
770 1628 876 1686 orbem

79 1709 140 1768 Seu
161 1707 247 1769 celer
269 1709 415 1770 hibernas
458 1715 585 1789 roperat
606 1707 776 1770 decurrere
798 1708 902 1770 luces:
1001 1728 1004 1735 ’
1038 1704 1088 1775 160

78 1776 146 1852 tlon
168 1794 263 1871 igitur
281 1812 391 1874 presso
412 1728 508 1854 tellus
530 1795 653 1873 exurgit
674 1800 795 1869 aratro,

78 1877 143 1937 Nec
164 1877 287 1956 frugem
308 1884 431 1956 segetes
453 1880 606 1958 praebent
625 1897 684 1939 nec
706 1877 819 1960 pabula
841 1885 960 1939 terraer

78 1962 146 2021 Non
167 1960 234 2021 illio
254 1960 329 2021 colit
349 1981 420 2022 arva
439 1960 531 2039 deus,
553 1962 731 2023 Racchnsve
753 1963 904 2039 Ceresue,
947 2023 950 2029 ,

78 2045 168 2106 Nulla
188 2063 248 2104 neo
271 2051 394 2106 exustas
413 2046 554 2106 habitant
576 2044 718 2106 animalia
736 2052 851 2127 partes.

78 2127 209 2189 Fertilis
230 2128 309 2187 hanc
330 2129 415 2187 inter
435 2130 537 2208 posita
560 2135 609 2189 est
629 2129 776 2207 interque
797 2130 936 2208 rigentes
1037 2138 1087 2194 165

78 2213 254 2290 Nostraque
276 2217 310 2271 et
330 2210 402 2271 huic
424 2209 552 2272 adversa
575 2209 642 2272 solo
663 2232 735 2294 pars
757 2210 856 2273 altera
876 2217 1003 2291 nostro,

79 2297 161 2371 Quas
180 2293 290 2355 similis
310 2295 457 2374 utrinque
476 2300 589 2356 tenens
608 2297 721 2357 ricinia
742 2295 821 2358 caeli

80 2380 267 2459 Temperat,
289 2377 370 2438 alter
391 2384 424 2439 et
444 2377 572 2440 alterius
592 2381 676 2441 vires
698 2388 789 2441 necat
811 2399 880 2441 aer:

79 2464 160 2523 Hinc
180 2461 320 2543 placidus
341 2464 431 2524 nobis
453 2482 512 2544 per
532 2470 673 2545 tempora
694 2466 828 2525 vertitur
848 2482 959 2524 annus:

78 2549 138 2607 Hic
161 2553 194 2607 et
213 2545 291 2607 colla
312 2548 384 2626 iugo
406 2545 517 2608 didicit
537 2550 730 2609 summittere
750 2555 857 2610 taurus
1039 2557 1090 2612 170

78 2633 120 2692 Et
137 2629 226 2692 lenta
247 2628 388 2692 excelsos
409 2632 481 2692 vitia
503 2631 715 2694 conscendere
734 2651 852 2710 ramos,
922 2698 925 2703 ,

79 2715 306 2795 Tondcturque
327 2734 418 2795 seges
438 2722 576 2777 maturos
598 2736 696 2778 annua
716 2723 840 2798 partus,

77 2802 119 2862 Et
139 2801 226 2862 ferro
251 2799 363 2878 tellus,
385 2806 500 2882 pontus
522 2801 712 2862 confinditur
734 2819 825 2880 aere,

79 2885 160 2961 Quin
182 2885 274 2946 etiam
296 2886 424 2945 structis
446 2891 600 2964 exurgunt
620 2884 733 2967 oppida
754 2885 859 2946 muris.

77 2968 178 3047 Ergo,
198 2969 251 3030 ubi
271 2967 451 3050 praeclaros
473 2967 606 3029 tulerint
626 2975 678 3030 tua
699 2970 782 3030 facta
802 2969 993 3050 triumphos,
1037 2976 1088 3032 175

79 3050 170 3112 Solus
193 3058 327 3132 utroque
344 3050 429 3113 idem
451 3051 566 3114 diceris
587 3071 714 3132 magnus
735 3054 769 3112 in
791 3055 877 3114 orbe.

119 3136 189 3196 Non
211 3154 269 3216 ego
288 3156 354 3198 sum
375 3136 449 3196 satis
472 3136 510 3196 ad
531 3141 636 3198 tantae
656 3137 824 3218 praeconia
844 3133 961 3215 laudis,

77 3221 146 3302 lpse
172 3221 248 3281 mibi
270 3240 332 3281 non
355 3222 381 3281 si
401 3220 594 3300 praescrbiat
616 3221 751 3282 carmina
771 3220 925 3280 Phoebus.

76 3304 135 3365 Est
151 3305 226 3382 tibi,
250 3305 303 3383 qui
323 3305 423 3386 possit
443 3305 561 3383 magnis
583 3324 617 3365 se
638 3306 802 3383 accingere
822 3305 934 3380 rebus,

77 3386 219 3467 Valgius:
242 3394 370 3448 aeterno
391 3389 522 3470 propior
542 3407 604 3448 non
628 3388 707 3449 alter
727 3388 875 3448 Homero.
1037 3395 1088 3450 180

77 3469 235 3551 Languida
253 3491 316 3534 non
337 3478 445 3533 noster
466 3473 589 3553 peragit
610 3470 700 3533 labor
722 3472 803 3551 otia,
825 3471 960 3550 quamvis

120 3575 255 3615 τιιιιιιιιιι.
867 3555 892 3610 b
