2414 3848
381 206 526 271 TlBUlll
548 207 616 269 tio.
633 207 683 270 iv.
698 218 726 272 4.
743 219 768 272 t.
783 219 809 273 6.
1061 209 1102 273 53

140 383 277 459 Cogitat,
297 386 330 441 et
348 380 466 441 frustra
487 376 615 441 credula
633 377 726 438 turba
744 374 842 437 nodet.
1069 387 1105 444 20

98 466 240 543 Phoebe,
260 465 346 526 fave:
365 462 433 525 luna
453 480 562 542 magua
582 463 641 523 tibi
662 461 820 522 tribuetur
840 461 873 520 in
894 479 956 521 uno

139 551 281 630 Corpore
303 554 424 609 servato
447 548 622 609 restituisse
643 544 728 607 duon.

96 637 159 695 lam
181 631 324 711 celeber,
344 634 405 695 iem
425 630 526 693 laetus
547 633 626 709 erio,
645 645 714 691 cum
737 629 843 691 debita
864 628 977 691 reddet

139 718 290 779 Certatim
312 717 426 778 sanctia
444 714 545 777 laetas
568 720 701 793 uterque
721 715 810 775 focio.

96 802 186 862 Tunc
204 810 236 863 te
259 799 384 862 felicem
406 798 491 861 dicet
511 800 562 881 pia
583 800 675 861 turba
695 797 839 878 deorum,
1067 808 1102 864 25

139 887 298 964 Optabunt
319 890 402 945 arten
421 890 454 946 et
475 884 536 945 stoi
557 885 688 964 quiaque
706 890 784 945 tuus.

497 1012 702 1023 —n-——n—-a

580 1101 620 1165 V.

99 1188 161 1292 llui
183 1224 259 1283 mihi
280 1231 330 1303 te,
352 1224 520 1302 Cerinthe,
544 1221 612 1284 dien
633 1221 738 1301 dedit,
761 1224 812 1284 iric
834 1224 910 1284 mihi
930 1230 1053 1284 muctar

138 1308 243 1387 Atque
263 1310 347 1369 inter
368 1308 466 1369 lenton
488 1325 613 1388 semper
632 1305 794 1368 habendae
817 1309 888 1368 erit.

98 1392 146 1452 Te
168 1399 317 1453 nascente
339 1411 450 1454 norum
469 1392 586 1454 Percre
607 1392 752 1452 cecinere
773 1389 889 1472 puellis

139 1476 306 1537 Servitium
328 1483 362 1552 et
383 1474 538 1537 dederunt
559 1493 656 1554 regne
675 1477 810 1556 nuperba
830 1476 900 1537 tibi.

96 1559 180 1620 Uror
202 1579 258 1638 ego
283 1565 354 1620 ante
377 1558 468 1621 aliae:
489 1561 572 1620 lavet
593 1560 670 1638 hoc,
692 1560 860 1638 Cerintho,
883 1558 966 1638 quod
985 1569 1102 1638 nror,5

140 1644 174 1703 Si
194 1644 253 1704 tibi
276 1643 316 1704 de
337 1645 427 1704 nobis
444 1649 567 1704 mutuus
586 1644 667 1722 ignia
687 1643 783 1705 adeat.

97 1728 223 1788 Mutuus
245 1727 326 1788 adsit
348 1747 450 1805 amor,
468 1746 527 1808 per
545 1733 578 1788 te
602 1723 779 1789 dulcienima
799 1728 882 1789 farta

139 1812 262 1891 Perque
285 1818 355 1872 toon
375 1811 481 1873 oculos
501 1830 561 1893 per
581 1812 774 1891 Geniumque
795 1830 881 1891 rogo.

96 1895 190 1956 Mane
213 1896 308 1974 Geni,
332 1915 407 1978 cape
427 1903 498 1958 tura
518 1893 620 1957 libenn
637 1895 778 1974 votieqae
799 1897 918 1974 faveto,

139 1979 173 2038 Si
195 1978 303 2058 modo,
323 1999 392 2041 cum
415 1979 454 2040 de
467 1998 517 2040 me
539 1980 672 2058 cogitat,
693 1977 750 2039 ille
773 1979 862 2040 calet.
1073 1991 1104 2040 10

98 2060 187 2139 Quod
209 2065 236 2122 nl
256 2063 340 2124 forte
362 2062 439 2124 alios
459 2065 519 2123 iam
541 2082 623 2123 nnnc
645 2064 779 2142 runpirat
801 2083 938 2142 amores,

140 2145 229 2207 Tunc
250 2165 364 2227 precor
384 2145 514 2224 infidos,
535 2150 658 2223 nancte,
678 2144 823 2226 relinque
845 2147 942 2210 socon.

97 2232 162 2292 Nec
183 2235 219 2290 tu
240 2231 283 2291 nin
305 2231 435 2309 iniusta,
455 2230 576 2293 Venus:
599 2228 648 2290 vel
670 2231 785 2291 serviat
806 2249 904 2311 neque

139 2314 270 2375 Vinctus
289 2321 423 2394 uterque
444 2314 519 2392 tibi,
540 2311 591 2373 vel
613 2331 682 2373 mea
699 2314 800 2375 vincla
820 2313 898 2377 leva.

97 2395 161 2457 Sed
182 2400 286 2476 potius
308 2397 408 2458 valida
430 2405 592 2459 teneamur
613 2403 747 2477 uterque
768 2405 893 2477 catena,
1069 2409 1102 2462 15

115 2479 230 2541 xNulla
250 2488 343 2560 queat
363 2483 493 2562 posthac
514 2501 571 2542 noa
592 2480 724 2542 uoluisse
747 2482 825 2544 dien.

97 2563 192 2644 Optat
209 2564 293 2626 idem
312 2567 431 2626 invenio
453 2565 536 2644 quod
556 2585 628 2644 noa,
650 2564 707 2626 ned
726 2568 840 2628 tectius
861 2571 960 2647 optat:

139 2647 215 2709 Nem
237 2647 334 2729 pudet
354 2650 431 2711 haec
450 2649 538 2709 illum
559 2649 666 2711 dicere
684 2652 778 2712 verba
798 2649 908 2732 palam.

99 2733 140 2791 At
160 2738 211 2811 tu,
233 2732 367 2810 Natalia,
390 2736 532 2813 quoniam
556 2733 632 2794 deun
654 2735 754 2795 omnia
777 2737 890 2814 nentia,

139 2817 264 2876 Annae:
286 2817 361 2895 qaid
381 2819 497 2897 refert,
521 2817 635 2879 clamve
658 2815 797 2899 palamve
817 2818 930 2898 roget?
1069 2827 1103 2878 20

571 3029 631 3092 VI.

98 3107 220 3200 Natalia
241 3139 334 3217 lnno,
355 3144 477 3201 nanctae
500 3161 575 3223 cape
594 3140 673 3208 turia
694 3159 836 3220 acervos,

139 3224 223 3300 Quos
244 3224 303 3284 tibi
325 3222 378 3285 dat
398 3231 509 3286 tenera
528 3225 618 3286 docta
639 3224 745 3307 puella
766 3244 865 3286 manu.

97 3306 179 3367 'l'ota
200 3308 259 3367 tibi
281 3315 329 3368 ent
350 3308 462 3389 hodie,
483 3310 542 3370 tibi
561 3329 596 3371 ne
617 3309 787 3372 laetissima
809 3310 955 3390 compsit,

139 3391 246 3452 Staret
265 3398 300 3451 ut
322 3400 392 3453 ante
414 3400 484 3454 tuos
507 3394 726 3476 conspicienda
746 3395 844 3455 iocos.

97 3472 153 3535 llla
173 3474 298 3551 quidem
318 3475 448 3537 ornandi
471 3497 575 3539 crunon
596 3479 676 3556 tibi,
697 3476 783 3553 diva,
805 3475 941 3554 relegat:
