2414 3848
452 191 597 253 TlBUbLl
618 192 686 254 blB.
701 192 722 253 l.
741 204 766 257 t.

591 405 631 470 V.

107 489 213 598 Asper
235 537 320 580 erum
343 524 376 580 et
398 520 479 580 bene
502 519 665 582 discidium
687 539 737 582 me
758 520 845 582 ferre
865 521 1033 603 loquebar:

147 603 191 662 At
209 603 285 662 mibi
306 621 388 663 nunc
408 601 501 683 longe
519 603 620 684 glorie
639 605 731 665 fortis
753 607 849 667 ebest.

106 686 242 763 Namque
264 705 355 766 agor,
377 693 413 748 ut
432 705 490 768 per
509 687 600 768 plana
622 689 700 749 citus
719 687 786 749 sola
808 691 940 750 verbere
961 692 1092 771 turben,

149 771 248 846 Quem
269 768 357 831 celer
379 779 501 833 assueta
519 779 623 832 verset
644 774 681 832 ab
704 780 771 833 arte
792 792 879 853 puer.

103 855 170 915 Ure
193 853 295 914 ferum
317 860 350 915 et
371 861 500 934 torque,
520 854 617 916 libeat
639 874 679 916 ne
699 854 805 916 dicere
826 859 987 936 quicquum
1093 866 1112 921 b

147 937 346 1016 Magnificum
368 945 440 1018 post
460 939 554 999 bueo:
573 938 702 1000 borrida
723 941 817 1000 verba
840 939 936 1002 domu.

105 1023 202 1082 Peroe
225 1027 344 1099 tamen,
365 1039 424 1102 per
443 1028 476 1083 te
497 1023 604 1083 furtivi
626 1022 756 1083 foedera
776 1023 869 1102 lecti,

146 1104 208 1165 Per
228 1105 390 1168 Venerem·
410 1124 523 1185 quaeso
547 1108 810 1187 compositumque
832 1117 930 1188 caput.

103 1187 160 1250 ille
182 1207 257 1267 ego,
278 1208 350 1250 cum
367 1189 450 1250 tristi
470 1191 578 1251 morbo
601 1189 723 1251 defessa
746 1194 883 1268 iaceres,

147 1273 195 1332 'l'e
217 1271 305 1333 dicor
326 1274 406 1333 votis
428 1274 579 1353 eripuisse
602 1275 695 1352 meis,
1075 1285 1108 1336 10

102 1358 234 1436 ipseque
257 1363 289 1416 te
313 1358 428 1417 circum
450 1356 579 1418 lustravi
601 1356 720 1418 sulfure
741 1378 836 1439 puro,

145 1441 290 1500 Carmine
310 1459 376 1501 cum
399 1442 516 1519 magico
536 1442 763 1521 praecinuisset
784 1461 872 1501 anus:

100 1525 171 1604 lpse
193 1525 356 1603 procuravi
376 1543 416 1584 ue
438 1532 565 1606 possent
588 1544 677 1585 saeva
697 1544 813 1586 nocere

145 1607 284 1685 Somnia,
304 1611 356 1667 ier
377 1615 481 1668 sancte
504 1607 718 1669 deveneranda
737 1608 833 1669 mola:

99 1692 170 1771 lpse
193 1709 250 1771 ego
272 1689 391 1752 velatus
411 1689 464 1751 iilo
486 1694 660 1773 tunicisque
682 1690 790 1753 solutis

142 1775 224 1837 Vota
245 1775 501 1836 novem‘Triviae
522 1782 614 1837 nocte
637 1775 749 1837 silente
772 1774 853 1836 dedi.

99 1860 210 1919 Omnia
230 1857 383 1939 persolvi:
405 1860 520 1919 fruitur
542 1878 622 1920 nnnc
642 1860 721 1920 alter
744 1880 862 1938 umore,

143 1944 185 2003 Et
204 1944 351 2022 precibus
373 1941 450 2003 felix
472 1945 569 2003 utitur
590 1942 647 2003 ille
669 1945 756 2003 meis.

98 2029 142 2086 At
163 2027 239 2086 mibi
260 2024 386 2087 felicem
406 2027 516 2104 vitam,
538 2028 565 2087 si
585 2025 666 2086 salva
688 2027 817 2105 fuisses,

141 2110 311 2188 Fingebam
334 2108 478 2188 demens,
501 2109 557 2170 sed
579 2117 730 2171 renuente
754 2109 822 2171 deo.
1071 2120 1104 2169 ιο

98 2195 182 2253 Rura
205 2192 319 2272 colam,
341 2193 525 2273 frugumque
549 2193 650 2254 aderit
671 2213 739 2254 mea
759 2193 849 2254 Delia
868 2199 987 2271 custos,

143 2275 316 2337 Arcadum
338 2295 455 2337 messes
480 2277 545 2337 soie
568 2275 690 2337 calente
711 2284 812 2355 teret,

98 2363 163 2420 Aut
186 2361 260 2421 mihi
283 2362 417 2420 servabit
438 2360 541 2441 plenis
562 2363 595 2420 in
613 2357 758 2421 lintribus
780 2379 851 2420 uvas

142 2443 316 2523 Pressaque
332 2442 434 2505 veloci
456 2443 584 2505 candida
606 2452 704 2504 musta
725 2443 822 2524 pede,

99 2527 293 2588 Consuescet
312 2546 475 2589 numerare
497 2548 608 2608 pecus,
632 2533 814 2587 consuescet
835 2527 962 2586 amantis
1069 2536 1102 2590 it

142 2610 292 2671 Garrulus
312 2612 346 2670 in
368 2611 508 2673 dominae
528 2611 638 2674 ludere
660 2630 754 2671 verua
775 2613 852 2670 sinu.

98 2693 155 2754 Illa
179 2693 237 2754 deo
260 2695 339 2754 sciet
358 2694 512 2774 agricolae
535 2715 592 2776 pro
615 2697 727 2755 vitibus
747 2714 850 2773 uvam,

140 2778 202 2838 Pro
224 2785 331 2857 segete
355 2781 472 2859 spicas,
490 2799 548 2861 pro
571 2797 665 2858 grege
688 2781 773 2840 ferre
797 2778 914 2860 dapem.

98 2861 156 2922 illa
178 2868 266 2941 regat
287 2870 430 2942 cunctos,
453 2862 502 2923 illi
523 2864 586 2922 sint
605 2864 705 2922 omniu
727 2881 833 2923 curae:

144 2947 184 3005 ut
204 2947 289 3006 iuvet
309 2947 341 3006 in
365 2953 439 3007 tota*
452 2965 502 3006 me
524 2945 602 3006 nihil
624 2966 693 3007 esse
716 2946 816 3010 domo.
1068 2957 1101 3008 30

97 3031 168 3090 Huc
190 3031 295 3090 veniet
315 3027 451 3090 Mes'sala
472 3049 574 3109 meus,
598 3033 646 3090 cui
670 3029 771 3090 dulcia
792 3050 882 3110 poma

141 3113 232 3173 Delia
253 3111 381 3174 selectis
403 3113 547 3174 detrahat
567 3116 742 3175 arboribus:

96 3200 139 3260 Et
160 3203 280 3258 tantum
300 3205 447 3258 veneratu
467 3199 581 3276 virum,
601 3198 683 3257 huuc
706 3196 815 3259 sedula
835 3205 938 3275 curet,

139 3282 222 3341 Huic
243 3288 334 3362 paret
356 3288 448 3361 atque
472 3280 577 3362 epulas
599 3283 666 3360 ipsa
687 3283 827 3341 ministra
846 3289 942 3361 gerat.
969 3298 998 3362 ,χ

97 3366 184 3426 llaec
201 3366 277 3424 milri
295 3365 463 3444 fingebam,
488 3383 566 3446 quae
589 3384 669 3426 nunc
691 3367 853 3444 Eurusque
874 3366 1033 3445 Notusque
1067 3372 1103 3426 35

138 3450 236 3509 luctet
256 3447 401 3509 odoratos
423 3456 494 3509 vota
514 3468 573 3529 per
595 3451 768 3514 Armenios.
