2354 3862
87 145 126 209 18
441 143 585 204 TlBULLI
607 144 675 204 LIB.
690 144 713 205 l.
729 156 754 210 8.

128 313 172 376 Ut
193 313 299 373 foreas
320 311 407 372 molli
427 311 542 390 frigida
563 313 701 372 membra
723 314 800 374 sinu.

86 399 198 460 carior
222 403 270 457 est
292 416 366 457 auro
388 397 525 473 invenis,
549 397 597 456 cui
618 395 700 456 levia
720 396 844 475 fulgent

130 482 193 543 0ra
214 500 273 541 nec
297 479 455 560 amplexus
477 497 587 560 aspera
607 481 702 540 barba
722 483 807 540 terit.
890 550 894 558 ι

84 567 167 627 Huic
189 571 223 626 tn
246 565 414 625 candentes
436 565 566 624 humero
589 584 728 643 suppone
749 564 899 647 lacertos,

128 652 170 710 Et
191 669 300 729 regum
322 667 449 727 magnae
471 647 683 727 despiciantur
704 668 789 728 opas.

85 736 129 796 At
150 735 257 798 Venus
278 735 516 813 invenitpnero
539 734 740 793 succumbere
761 734 885 811 furtim,

128 819 207 878 Dum
224 825 323 878 tumet
344 823 376 878 et
399 824 525 877 teneros
549 818 687 878 conserit
708 837 805 896 usque
827 821 927 895 sinus,

83 904 127 966 Et
148 902 224 964 dare
247 901 405 962 anhelanti
427 903 633 981 pugnantibus
656 902 781 961 humida
802 901 916 980 linguis

129 986 242 1047 Oscula
263 992 296 1047 et
319 988 351 1046 in
375 984 457 1046 collo
479 986 578 1065 figere
601 985 696 1045 dente
718 994 815 1046 notas.

85 1071 155 1132 Non
176 1070 256 1151 lapis
277 1072 357 1131 hanc
379 1088 578 1149 gemmaeque
601 1071 720 1146 iuvant,
749 1089 828 1150 qnae
850 1072 969 1149 frigore
989 1074 1032 1134 sol

128 1156 269 1216 Dormiat
290 1161 324 1215 et
342 1153 422 1214 nulli
444 1155 486 1213 sit
508 1153 660 1233 cupienda
680 1155 758 1214 viro.

87 1240 158 1300 Heu
182 1259 252 1300 sero
275 1245 438 1300 revocatur
461 1258 547 1298 amor
568 1255 702 1315 seroque
719 1239 859 1316 iuventa,

131 1325 207 1385 (lum
230 1329 319 1384 vetus
339 1323 451 1382 infecit
473 1342 549 1382 cana
569 1328 694 1382 senecta
717 1329 816 1401 caput.

88 1409 168 1469 Tum
190 1407 326 1468 studium
345 1407 465 1466 formae
488 1412 551 1466 est:
577 1426 662 1466 coma
684 1413 748 1466 tum
771 1413 921 1487 mutatur,
942 1413 977 1466 ut
999 1427 1032 1466 au

129 1491 311 1552 Dissimulet
331 1488 423 1551 viridi
446 1492 563 1551 cortice
586 1491 683 1550 tincta
704 1492 807 1551 nucis:

88 1574 221 1637 Tollere
243 1582 307 1635 tum
330 1596 403 1636 cura
425 1580 473 1634 est
495 1574 581 1635 albos
605 1595 621 1633 a
643 1575 741 1654 stirpe
766 1574 895 1654 capillos

129 1660 171 1720 llt
192 1661 304 1720 faciem
328 1658 452 1739 dempta
474 1657 557 1739 pelle
580 1659 705 1718 referre
727 1679 846 1718 noram.

87 1745 129 1804 At
150 1750 199 1823 tu,
221 1742 292 1804 dum
311 1745 404 1823 primi
424 1745 518 1803 floret
539 1745 596 1803 tibi
618 1745 767 1821 temporis
789 1750 889 1820 aetas,

129 1826 245 1889 Utere:
269 1847 331 1886 non
352 1827 442 1888 tardo
463 1827 579 1888 labitur
601 1824 655 1887 illa
675 1826 766 1906 pede.

88 1910 142 1972 Sei
164 1912 341 1971 Marathum
361 1918 505 1990 torques,
528 1930 625 1992 puero
649 1930 727 1991 quae
752 1911 850 1988 gloria
871 1913 949 1971 ricto
974 1920 1032 1974 est*

131 1997 164 2055 ln
185 2002 308 2056 veteres
332 1996 515 2073 esto,dura,
536 1994 657 2075 puella,
679 2014 778 2055 senes.

88 2080 185 2139 Parce
207 2099 320 2160 precor
340 2088 468 2141 tenero:
489 2099 551 2139 non
571 2078 620 2139 illi
644 2082 763 2140 sontica
785 2100 874 2140 causa
897 2088 959 2158 est,

132 2163 195 2225 Sed
216 2165 327 2224 nimius
349 2164 415 2224 luto
436 2184 567 2244 corpora
590 2165 683 2243 tingit
704 2178 797 2224 amor.

90 2246 149 2307 Vel
168 2247 268 2308 miser
285 2250 406 2309 absenti
427 2255 558 2308 maestas
576 2269 666 2329 quam
688 2267 780 2329 saepe
804 2248 947 2327 querelas

131 2333 266 2393 Coniicit
287 2336 319 2393 et
340 2332 474 2395 lacrimis
497 2335 598 2393 omnia
618 2333 711 2413 pleno
733 2333 872 2393 madent!

89 2416 191 2492 ‘Quid
209 2435 258 2477 mc
281 2418 443 2497 spernisi’
468 2418 519 2477 ait.
544 2424 685 2498 ‘poterat
707 2416 845 2478 custodia
866 2419 961 2476 vinci:

129 2499 198 2580 lpse
222 2500 310 2560 dedit
332 2501 450 2582 cupidis
472 2501 585 2561 fallere
607 2521 699 2581 posse
722 2500 807 2561 deus.

88 2581 168 2643 Nota
189 2585 295 2647 Venus
315 2587 429 2645 furtiva
450 2586 526 2643 mihi
547 2592 612 2661 est,
634 2592 668 2642 nt
689 2584 769 2643 lenis
793 2591 899 2660 agatur

131 2668 282 2747 Spiritus,
305 2675 339 2727 ut
358 2687 417 2728 neo
439 2665 514 2727 dent
537 2665 643 2727 oscula
664 2672 751 2745 rapta
775 2686 898 2726 sonum:

86 2751 129 2811 Et
150 2772 275 2831 possum
296 2752 398 2812 media
421 2753 555 2832 quamvis
578 2753 730 2830 obrepere
754 2758 845 2808 nocte¹

129 2836 171 2895 Et
193 2837 327 2915 strepitu
348 2835 436 2897 nullo
460 2835 539 2896 clam
558 2852 701 2894 reserare
720 2833 815 2892 fores.

88 2919 170 2997 Quid
190 2927 321 2999 prosunt
343 2929 441 2999 artes,
464 2921 610 2980 miserum
632 2920 658 2977 si
680 2919 801 2998 spernit
823 2924 972 2978 amantem

129 3004 170 3064 Et
192 3005 272 3082 fugit
292 3023 329 3066 ex
349 3007 418 3086 ipso
440 3022 528 3065 saeva
549 3001 653 3085 puella
675 3004 789 3063 torol

87 3086 148 3151 Vel
169 3108 236 3148 cum
258 3091 430 3169 promittit,
453 3090 554 3149 subito
577 3089 633 3150 sed
653 3088 774 3170 perfida
792 3087 888 3166 fallit,

128 3171 187 3231 Est
209 3175 284 3233 mihi
307 3194 367 3235 nox
388 3173 494 3235 multis
515 3173 686 3254 evigilanda
707 3173 803 3234 malis.

86 3255 164 3315 Dum
186 3258 261 3316 mibi
282 3266 441 3320 venturam
462 3260 559 3339 fingo,
583 3257 788 3339 quodcunque
809 3265 965 3335 movetur,

129 3337 216 3400 Illius
240 3342 334 3404 credo
357 3349 432 3405 tunc
456 3345 595 3405 sonnisse
617 3343 750 3424 pedem!

84 3423 226 3485 Desistas
247 3424 428 3508 lacrimare,
450 3448 545 3510 puer:
569 3448 629 3489 non
652 3429 806 3507 frangitur
827 3425 897 3503 illa,
