2414 3848
312 202 457 265 'rrauau
479 201 683 281 (areolum
706 202 774 262 ura.
790 202 839 263 111.
856 213 883 265 r.

565 410 622 471 lv.

96 496 153 588 llii
176 522 307 583 meliora
328 523 446 599 ferant,
469 542 526 582 nee
549 525 611 584 sint
629 526 779 585 insomnia
801 543 889 600 vera,

141 608 226 683 Quae
246 605 320 666 tulit
340 607 488 665 iresterna
508 609 641 686 pessima
663 616 754 668 noete
777 610 872 686 quies.

98 693 145 751 lte
167 689 295 769 procul,
315 692 399 763 vani,
422 689 593 767 falsumque
616 694 747 751 avertite
769 695 881 750 risum:

141 774 281 833 Desinite
302 774 333 831 in
356 774 445 832 nobis
469 793 619 851 quaerere
641 774 722 834 uelle
743 774 846 834 fidem.

98 858 167 917 Diri
188 874 261 916 vera
282 863 423 931 monent,
443 864 590 917 venturae
611 861 718 917 nautia
738 861 830 918 sortis

141 940 226 1001 Vera
246 946 373 999 monent
396 940 506 1000 'l'useis
529 949 597 1001 exta
618 943 748 1020 probata
768 944 857 1001 uiris:

98 1024 223 1085 Somnia
243 1021 348 1082 fallaci
369 1022 480 1081 ludunt
504 1027 667 1084 temeraria
689 1032 781 1084 noete

140 1108 183 1167 Et
203 1105 326 1186 pauidas
347 1113 466 1165 mentes
487 1106 565 1167 falsa
587 1110 698 1167 timere
721 1110 846 1186 iubent,

97 1192 140 1251 Et
160 1194 263 1248 natum
284 1191 316 1248 in
340 1210 427 1249 ouras
448 1192 604 1250 hominum
625 1211 720 1270 genus
744 1194 843 1251 omina
864 1194 963 1253 noetis

141 1274 239 1332 Ferre
260 1275 311 1352 pio
334 1270 457 1352 placant
479 1281 511 1334 et
531 1275 661 1336 saliente
683 1274 756 1335 sale.

99 1358 142 1419 Et
160 1362 279 1433 tamen,
301 1364 456 1436 uteunque
480 1365 544 1436 est,
567 1360 630 1418 sire
650 1357 697 1417 illi
719 1378 792 1417 vera
814 1361 949 1438 moneri,

143 1438 289 1500 Mandaei
310 1459 415 1499 somno
439 1440 570 1501 eredere
592 1444 655 1502 sive
677 1442 796 1518 volent,

100 1524 226 1584 Efficiat
247 1542 339 1582 vanos
360 1526 460 1583 noetis
480 1525 596 1584 Lucina
617 1528 744 1584 timores

143 1608 185 1666 Et
206 1606 322 1665 frustra
342 1608 519 1668 inmeritum
541 1610 738 1687 pertimuisse
761 1608 850 1685 velit,

102 1690 135 1749 Si
156 1708 222 1748 mea
242 1707 300 1748 nee
319 1692 401 1769 turpi
424 1710 509 1750 meus
530 1700 578 1751 est
601 1694 729 1751 obnoxia
751 1693 833 1752 facto

143 1772 209 1832 Nee
228 1772 319 1831 laesit
341 1793 466 1851 magnos
488 1777 580 1854 impia
597 1774 701 1854 lingua
724 1774 809 1835 deos!

101 1857 163 1918 lam
184 1856 251 1915 Nox
274 1857 445 1916 aetherium
466 1860 562 1936 nigris
585 1878 708 1919 emensa
729 1858 883 1938 quadrigis

143 1938 293 1999 Mundum
318 1940 460 2000 caeruleo
481 1940 599 2001 lauerat
620 1962 707 2003 amne
729 1950 828 2021 rotas,

100 2024 166 2082 Nee
188 2041 236 2081 me
257 2024 394 2102 sopierat
416 2028 511 2085 menti
533 2025 609 2086 deus
629 2025 715 2085 utilis
737 2044 862 2103 aegrae:

144 2106 274 2166 Somnus
297 2105 445 2167 sollicitas
467 2108 572 2167 deficit
592 2117 662 2169 ante
684 2108 798 2169 domos.

102 2188 262 2269 Tandem,
285 2210 352 2251 eum
375 2211 489 2250 summo
509 2192 652 2252 Phoebus
673 2193 833 2272 prospexit
854 2193 890 2251 ab
914 2198 1000 2269 ortu„

145 2276 266 2335 Pressit
287 2273 461 2352 languentis
481 2275 596 2335 lumina
619 2296 688 2336 sera
710 2278 806 2352 quies.

102 2362 163 2420 llio
184 2359 302 2418 iuvenis
326 2364 408 2418 easta
430 2357 591 2419 redimitus
611 2368 751 2439 tempora
773 2358 859 2417 lauro

145 2444 204 2502 Est
224 2443 306 2500 risus
325 2449 431 2500 nostra
453 2461 570 2521 ponere
594 2443 668 2503 sede
690 2442 811 2522 pedem.

102 2527 172 2587 Non
192 2523 248 2584 illo
272 2526 433 2603 quiequam
454 2526 619 2586 formosius
641 2525 705 2586 ulla
727 2529 864 2605 priorum

148 2611 258 2684 Aetas,
280 2608 442 2667 humanum
464 2628 522 2668 nee
543 2608 628 2669 videt
648 2608 725 2669 illud
747 2630 831 2689 opus.

103 2693 221 2753 Intonsi
244 2693 346 2750 crines
367 2690 459 2770 longa
479 2695 599 2753 cervice
621 2695 774 2770 fluebant,

149 2774 292 2835 Stillabat
315 2774 404 2852 Syrio
427 2783 546 2854 myrtea
569 2797 640 2836 rore
662 2797 754 2836 coma.

104 2857 230 2920 Candor
251 2864 336 2934 erat,
360 2857 478 2935 qualem
500 2861 639 2938 praefert
660 2859 784 2920 Latonia
806 2860 907 2937 Luna,

147 2944 189 3002 Iit
210 2938 297 3000 eolor
317 2943 350 2999 in
369 2943 457 3001 niveo
480 2962 610 3022 corpore
632 2963 820 3023 purpureus,

104 3025 146 3086 Ut
166 3025 271 3097 iuveni
290 3026 421 3103 primum
442 3028 528 3104 virgo
552 3026 684 3086 deducta
705 3028 814 3086 rnarito

148 3109 286 3168 Inficitur
304 3115 427 3168 teneras
449 3127 503 3168 ore
524 3112 655 3169 rubente
678 3128 788 3189 genas,

104 3194 147 3255 Et
171 3212 236 3251 eum
259 3197 427 3251 contexunt
449 3195 611 3253 amarantis
635 3193 703 3254 alba
725 3193 848 3274 puellae

149 3275 229 3334 Lilia
252 3282 284 3333 et
307 3282 448 3335 autumno
473 3276 601 3336 eandida
622 3277 700 3338 mala
722 3280 843 3337 rubent.

106 3360 167 3419 lma
189 3357 350 3417 videbatur
371 3359 442 3418 talis
464 3359 597 3421 illudere
619 3360 714 3441 palla:

150 3441 287 3519 Namque
309 3442 385 3501 haee
406 3445 437 3502 in
460 3444 558 3502 nitido
581 3464 712 3524 corpore
732 3446 825 3504 vestis
848 3452 924 3506 erat.

1058 202 1100 264 39
