2414 3848
129 162 164 222 10
470 159 615 222 TiliULLI
637 160 704 222 Llil.
720 161 742 220 l.
759 169 786 224 4.

124 327 208 407 Nec,
228 327 305 390 velit
326 327 448 389 insidiis
470 327 547 390 altas
569 329 596 389 si
618 327 765 389 claudere
784 327 896 407 valles,

167 412 246 473 Dum
266 412 405 493 placeas,
425 414 545 474 hauneri
567 414 647 473 retia
668 413 754 472 ierre
777 421 901 491 negent.
1092 425 1126 476 50

120 495 157 556 Si
179 494 265 556 volet
287 515 386 574 arma,
403 494 466 557 levi
485 497 619 557 tentabis
640 495 751 556 ludere
774 494 896 557 dextra:

168 580 267 660 Saepe
291 578 378 640 dabis
398 579 528 658 nudum,
549 581 652 640 vincat
672 588 707 640 ut
727 578 800 658 ille,
822 580 912 640 latus.

124 664 214 724 'l‘une
236 665 293 723 tibi
315 665 398 723 mitis
420 666 497 743 crit,
518 665 619 744 rapias
638 669 703 723 tum
726 683 796 724 curs
815 663 925 724 licebit

167 744 294 808 Oscula:
316 749 479 827 pugnabit,
501 746 557 808 sed
579 753 681 807 tamen
705 753 774 827 apta
796 746 890 808 dabit.

122 831 221 912 Rapta
244 829 329 891 dabit
349 832 466 910 primo,
486 851 554 891 mox
576 831 688 891 afferet
708 832 775 911 ipse
797 834 935 909 roganti,
1090 843 1123 894 55

131 930 146 957 ³
163 918 239 976 Post
260 915 351 975 etiam
374 913 456 976 collo
479 934 512 976 sc
534 914 722 995 implicuisse
743 914 835 975 volet.

120 1001 192 1060 Heu
213 998 292 1060 male
314 1018 394 1061 nunc
418 1005 500 1060 artes
523 1000 648 1059 miseras
668 999 745 1058 haec
764 997 885 1059 saecula
904 1005 1052 1059 tractant:

164 1084 226 1144 lam
249 1090 340 1143 tener
362 1084 495 1143 assuevit
516 1100 643 1142 munera
665 1081 746 1142 velle
767 1101 854 1162 puer.

123 1169 164 1228 nt
185 1174 252 1246 tua,
277 1168 329 1244 qui
351 1166 509 1229 Venerem
527 1165 659 1227 docuisti
680 1165 817 1226 vendere
837 1167 971 1245 primm,

165 1251 309 1330 Quisquis
332 1269 382 1327 es,
404 1249 514 1311 infelix
536 1255 645 1327 urgeat
663 1268 731 1309 ossa
751 1248 840 1327 lapis.
901 1317 904 1321 ,
1090 1257 1124 1310 60

123 1332 277 1412 Pieridas,
298 1335 404 1414 pueri,
428 1331 536 1394 doctos
558 1339 590 1393 et
611 1339 708 1393 amate
729 1339 853 1411 poetas,

164 1419 267 1478 Aurea
287 1436 345 1477 nec
367 1421 516 1496 superent
537 1435 663 1477 munera
684 1415 835 1477 Pieridas.

122 1502 266 1562 Carmine
287 1519 443 1582 purpurea
466 1507 515 1561 est
536 1501 603 1562 Nisi
626 1520 725 1560 coma:
749 1500 882 1567 carmina¹
901 1500 933 1559 ui
955 1500 1033 1577 sint,

164 1586 211 1645 Ex
232 1585 360 1644 humero
379 1582 506 1665 Pelopis
528 1603 590 1645 non
610 1585 754 1645 nituisset
774 1586 860 1646 ebur.

119 1669 219 1745 Quem
239 1669 380 1729 referent
402 1668 526 1747 Musae,
548 1669 645 1746 vivet,
668 1667 738 1727 dum
760 1669 873 1727 robora
894 1665 1004 1743 tellus,
1090 1675 1123 1729 65

163 1752 241 1812 Dum
264 1750 382 1812 caelum
403 1751 529 1829 stellas,
552 1749 623 1811 dum
641 1753 734 1811 vehet
756 1752 852 1812 amnis
874 1768 976 1829 aquas.

121 1837 163 1896 At
185 1837 237 1914 qui
259 1854 321 1895 non
343 1833 428 1895 audit
449 1837 571 1914 Musas,
595 1837 646 1912 qui
665 1834 772 1895 vendit
794 1852 945 1912 amorem,

164 1918 273 1979 idaeae
296 1938 403 1978 currus
425 1917 481 1978 ille
504 1925 649 1998 sequatur
673 1918 749 1997 Opis

122 2003 164 2064 Et
182 2010 379 2063 tercentenas
401 2003 560 2062 erroribus
583 1999 707 2082 expleat
728 2002 813 2062 urbis

162 2087 204 2146 Et
226 2093 311 2147 secet
333 2085 372 2146 ud
392 2085 545 2164 Phrygios
566 2083 639 2145 vilia
658 2088 796 2145 membra
817 2083 933 2146 modos.
1089 2091 1123 2148 to

120 2167 283 2229 Blanditiis
302 2167 369 2229 vult
390 2189 459 2231 esse
481 2169 584 2230 locum
605 2168 710 2231 Venus
731 2171 812 2249 ipsa:
834 2168 970 2248 querelis

163 2251 376 2336 Supplici'bus,
400 2255 520 2314 miseris
539 2253 664 2313 fletibus
685 2251 738 2312 illa
759 2253 864 2313 favet!

121 2337 206 2399 Haec
230 2340 320 2416 mihi,
343 2357 419 2418 quac
440 2355 583 2398 canerem
606 2336 708 2414 Titio,
731 2335 807 2396 deus
827 2336 927 2396 edidit
946 2354 1015 2396 ore:

163 2422 225 2482 Sed
249 2422 366 2482 litium
388 2423 518 2481 coniunx
540 2422 616 2481 haec
638 2421 812 2480 meminisse
835 2426 927 2482 vetut.

121 2505 234 2566 Pareat
252 2505 307 2566 ille
331 2525 420 2566 suae:
442 2525 495 2565 vos
517 2523 566 2564 me
589 2505 745 2565 celebrate
767 2505 960 2582 magistrum,
1089 2510 1121 2563 75

164 2590 246 2665 Quos
268 2587 347 2649 male
369 2590 464 2649 habet
484 2587 580 2648 multa
601 2587 730 2648 callidus
753 2594 820 2647 arte
841 2605 928 2667 puer.

120 2672 228 2733 Gloria
247 2673 357 2751 cuique
380 2692 433 2732 sua
453 2679 515 2732 est:
539 2689 604 2748 me,
627 2672 679 2751 qui
700 2679 904 2751 spernentur,
925 2675 1059 2730 amantes

162 2754 361 2816 Consultant:
383 2757 502 2815 cunctis
524 2756 614 2816 ianua
632 2760 739 2815 nostra
758 2762 854 2835 patet.

120 2839 257 2919 Tempus
280 2840 357 2918 erit,
380 2858 447 2898 cum
470 2858 519 2899 me
542 2839 675 2900 Veneris
695 2845 863 2920 praecepta
884 2839 1038 2900 ferentem

161 2924 301 2983 Deducat
321 2924 464 2983 iuvenum
486 2921 594 2983 sedula
614 2923 703 2982 turba
726 2941 841 2984 senem.
1088 2927 1123 2981 80

119 3006 189 3067 Heu
210 3008 272 3066 heu
295 3026 384 3086 quam
402 3008 562 3067 Marathus
580 3004 667 3066 lento
691 3024 739 3065 me
762 3013 889 3086 torquet
907 3005 1024 3066 amorei

161 3091 317 3151 Deficiunt
340 3095 441 3169 artes,
464 3090 673 3169 deficiuntque
697 3088 770 3150 doli.

118 3174 233 3253 Parce,
252 3193 347 3255 puer,
372 3193 501 3253 quaeso,
523 3193 563 3234 ne
583 3175 682 3254 turpis
703 3172 807 3234 iabula
827 3175 913 3252 iiam,

162 3259 238 3318 Cum
260 3277 328 3318 mea
350 3258 497 3320 ridebunt
518 3277 593 3317 vana
615 3258 799 3336 magisteria.
