2414 3848
146 164 186 225 34
469 160 612 221 TlBULlA
632 161 699 222 LIB.
716 161 751 222 ll.
768 175 794 226 5.
809 174 834 227 6.

188 329 230 389 Et
251 328 377 409 plaudat
399 350 490 389 curru
511 336 731 408 praetereunte
754 337 853 410 pater.
1107 342 1155 394 120

147 414 274 473 Annae:
300 415 344 472 sic
367 415 423 473 tibi
446 416 508 473 sint
528 414 661 490 intonsi,
684 414 827 492 Phoebe,
850 413 973 495 capilli,

190 495 241 556 Sic
262 502 314 555 tua
334 504 486 578 perpetuo
510 497 550 555 sit
572 497 628 555 tibi
651 503 732 556 casta
755 518 853 558 soror.

616 714 675 777 VI.

148 797 262 888 Castra
281 828 388 887 Macer
411 829 565 904 sequitur:
587 796 696 887 tenero
722 829 795 907 quid
815 832 872 890 fiet
894 831 1023 890 Amori?

191 913 238 972 Sit
260 930 361 971 comes
384 918 417 971 et
438 911 518 971 collo
538 913 664 973 fortiter
686 933 768 972 arma
789 915 898 992 gerat?

148 1002 189 1061 Et
209 1014 264 1055 seu
285 994 378 1073 longa
397 996 494 1055 virum
518 1002 621 1056 terrae
642 998 690 1056 via
711 1017 765 1058 seu
787 1018 861 1075 vaga
883 997 997 1058 ducent

190 1082 352 1158 Aequora,
376 1099 442 1138 cum
462 1078 534 1139 telis
557 1079 595 1139 ad
616 1080 696 1140 latus
719 1084 766 1141 irc
786 1082 890 1142 volet?

147 1168 231 1242 Ure,
253 1183 347 1242 puer,
371 1182 499 1241 quaeso,
519 1170 570 1222 tua
593 1167 644 1242 qui
664 1165 750 1225 serus
774 1168 836 1225 otia
857 1164 966 1244 liquit,
1135 1174 1150 1224 5

191 1252 293 1327 Atque
314 1248 427 1306 iterum
450 1266 594 1307 erronem
613 1249 668 1307 sub
691 1256 742 1309 tua
764 1250 849 1327 signa
869 1270 951 1308 voca.

149 1332 239 1411 Quod
260 1333 286 1391 si
305 1330 452 1390 militibus
474 1350 599 1410 parces,
623 1333 753 1392 orithia
774 1352 894 1412 quoque
917 1331 1024 1411 miles,

191 1419 260 1496 lpse
278 1413 379 1475 levem
399 1413 486 1492 galea
509 1417 559 1492 qui
581 1416 638 1474 sibi
661 1422 766 1495 portet
785 1437 902 1496 aquam.

150 1504 258 1562 Castra
278 1506 368 1578 peto,
390 1497 550 1576 valeatque
570 1500 676 1561 Venus
691 1499 874 1578 valeantque
896 1498 1037 1579 puellae:

190 1586 231 1645 Et
253 1584 327 1642 milri
350 1590 420 1642 sunt
441 1584 538 1659 vires,
561 1585 689 1643 etmihi
711 1584 792 1644 facta
813 1587 885 1643 tuba
907 1590 962 1643 est.
1055 1652 1058 1657 ¹
1120 1594 1151 1645 10

150 1669 262 1746 Magna
282 1666 412 1746 loquor,
435 1666 491 1726 sod
509 1668 667 1745 magnifice
690 1669 765 1727 mihi
785 1687 893 1746 magna
913 1667 1018 1727 locuto

192 1752 358 1810 Excutiunt
380 1750 499 1810 clausae
522 1751 616 1810 fortia
637 1753 731 1811 verba
752 1753 846 1812 fores.

150 1837 248 1895 luravi
271 1836 412 1913 quotiens
434 1834 605 1894 rediturum
628 1835 665 1894 ad
685 1835 790 1896 limina
812 1835 979 1914 nunquam!

194 1919 270 1979 (lum
292 1920 371 1978 bene
393 1919 506 1996 iuravi,
526 1938 581 1997 pos
605 1926 706 1979 tamen
727 1921 793 1999 ipse
816 1918 908 1979 redit.

154 2004 233 2064 Acer
255 2003 365 2080 Amor,
387 2003 500 2061 fractas
523 2003 636 2062 utinam
660 2011 711 2063 tua
731 2003 795 2063 tela
816 2004 957 2081 sagittaS,
1124 2012 1153 2061 15

198 2087 249 2146 Sei
272 2086 365 2164 licet,
389 2087 538 2145 extinctas
561 2087 767 2165 aspiciamque
791 2086 892 2146 faces!

152 2172 202 2231 Tu
224 2172 367 2230 miserum
389 2178 533 2247 torques,
555 2177 589 2229 tu
609 2189 658 2230 me
679 2172 754 2230 mihi
777 2170 843 2229 dira
865 2169 986 2248 precari

195 2256 286 2333 Cogis
311 2261 342 2313 et
364 2255 468 2314 insana
489 2260 592 2313 mente
615 2254 748 2313 nefanda
768 2254 863 2332 loqui.

153 2340 213 2398 lam
232 2338 312 2397 mala
333 2338 468 2397 finissem
489 2336 569 2414 leto,
590 2337 646 2396 sed
668 2337 794 2397 credula
814 2338 906 2396 vitam

196 2423 273 2502 Spes
293 2423 430 2481 lovetot
451 2421 520 2480 fore
543 2441 610 2480 cras
632 2440 754 2500 semper
777 2422 819 2480 ait
839 2418 959 2479 melius.
1122 2428 1158 2479 ⁴20

153 2507 231 2588 Spes
253 2504 308 2565 alit
330 2503 496 2583 agricolas,
520 2505 597 2585 Spes
620 2503 711 2564 sulcis
731 2504 832 2564 credit
854 2505 946 2563 aratis

196 2590 333 2665 Semina,
358 2606 434 2668 quae
456 2607 563 2666 magno
586 2588 695 2648 fenore
717 2588 829 2647 reddat
851 2606 940 2664 agor:

153 2674 239 2733 Haec
261 2673 370 2750 laqueo
392 2671 550 2748 uolucres,
569 2672 646 2731 haec
669 2679 771 2750 captat
793 2670 942 2730 arundine
964 2669 1083 2747 pisces,

197 2758 272 2817 Cum
295 2761 404 2814 tenues
425 2755 530 2814 hamos
552 2753 671 2814 abdidit
690 2760 760 2814 ante
784 2756 884 2814 cibus:

154 2841 232 2922 Spes
255 2840 346 2898 etiam
369 2837 468 2897 valida
490 2836 607 2898 solatur
629 2838 777 2917 compede
797 2839 932 2897 vinctum
1122 2846 1157 2896 25

196 2924 312 3003 (Crura
333 2928 443 2980 sonant
462 2922 563 2999 ferro,
587 2921 642 2980 sed
662 2923 743 2981 canit
764 2924 847 2981 inter
870 2921 976 3000 opus):

154 3009 232 3089 Spes
253 3006 375 3067 facilem
397 3005 552 3065 Nemesim
571 3004 704 3084 spondet
727 3005 818 3083 mihi,
840 3003 896 3063 sed
917 3008 1010 3082 negat
1029 3001 1096 3062 illa.

196 3093 257 3151 Hei
278 3090 370 3167 milri,
389 3107 428 3148 ue
450 3091 568 3165 vincas,
591 3087 667 3147 dura
687 3087 805 3167 puella,
828 3087 925 3146 deam.

154 3178 268 3251 Parce,
291 3193 348 3253 per
369 3174 528 3233 immatura
550 3179 620 3231 tuae
641 3190 753 3251 precor
777 3190 844 3231 ossa
865 3171 995 3231 sororis:

198 3260 250 3320 Sic
271 3259 352 3317 bene
373 3258 428 3317 sub
449 3261 559 3315 tenera
578 3275 671 3336 parva
693 3256 830 3333 quiescat
851 3255 952 3315 humo.
1124 3262 1162 3314 ὅθ

155 3343 210 3404 llla
228 3342 302 3401 mihi
325 3346 429 3400 sancta
452 3346 513 3416 est,
535 3336 620 3400 illius
644 3337 723 3398 dona
742 3336 886 3419 sepulcro

197 3429 239 3488 Et
259 3423 430 3485 madefacta
452 3425 528 3484 meis
551 3430 635 3485 serta
654 3423 751 3483 feram
773 3421 926 3499 lacrimis,
